timestamp,last_update_id,interval_start,interval_end,bid_volume,ask_volume
1762144107.714657,9063802059562,0.000,0.001,31179118.00000000,0.00000000
1762144107.714657,9063802059562,0.001,0.002,59256.00000000,0.00000000
1762144107.714657,9063802059562,0.002,0.003,0.00000000,0.00000000
1762144107.714657,9063802059562,0.003,0.004,19420.00000000,0.00000000
1762144107.714657,9063802059562,0.004,0.005,0.00000000,0.00000000
1762144107.714657,9063802059562,0.005,0.006,0.00000000,0.00000000
1762144107.714657,9063802059562,0.006,0.007,0.00000000,0.00000000
1762144107.714657,9063802059562,0.007,0.008,0.00000000,0.00000000
1762144107.714657,9063802059562,0.008,0.009,0.00000000,0.00000000
1762144107.714657,9063802059562,0.009,0.010,17483.00000000,0.00000000
1762144107.714657,9063802059562,0.010,0.011,13900.00000000,0.00000000
1762144107.714657,9063802059562,0.011,0.012,0.00000000,0.00000000
1762144107.714657,9063802059562,0.012,0.013,0.00000000,0.00000000
1762144107.714657,9063802059562,0.013,0.014,0.00000000,0.00000000
1762144107.714657,9063802059562,0.014,0.015,0.00000000,0.00000000
1762144107.714657,9063802059562,0.015,0.016,0.00000000,0.00000000
1762144107.714657,9063802059562,0.016,0.017,0.00000000,0.00000000
1762144107.714657,9063802059562,0.017,0.018,57142.00000000,0.00000000
1762144107.714657,9063802059562,0.018,0.019,423.00000000,0.00000000
1762144107.714657,9063802059562,0.019,0.020,0.00000000,0.00000000
1762144107.714657,9063802059562,0.020,0.021,450.00000000,0.00000000
1762144107.714657,9063802059562,0.021,0.022,14285.00000000,0.00000000
1762144107.714657,9063802059562,0.022,0.023,0.00000000,0.00000000
1762144107.714657,9063802059562,0.023,0.024,0.00000000,0.00000000
1762144107.714657,9063802059562,0.024,0.025,0.00000000,0.00000000
1762144107.714657,9063802059562,0.025,0.026,24475.00000000,0.00000000
1762144107.714657,9063802059562,0.026,0.027,0.00000000,0.00000000
1762144107.714657,9063802059562,0.027,0.028,1818.00000000,0.00000000
1762144107.714657,9063802059562,0.028,0.029,7142.00000000,0.00000000
1762144107.714657,9063802059562,0.029,0.030,0.00000000,0.00000000
1762144107.714657,9063802059562,0.030,0.031,40255.00000000,0.00000000
1762144107.714657,9063802059562,0.031,0.032,10169.00000000,0.00000000
1762144107.714657,9063802059562,0.032,0.033,1415.00000000,0.00000000
1762144107.714657,9063802059562,0.033,0.034,473.00000000,0.00000000
1762144107.714657,9063802059562,0.034,0.035,1590.00000000,0.00000000
1762144107.714657,9063802059562,0.035,0.036,137318.00000000,0.00000000
1762144107.714657,9063802059562,0.036,0.037,26181.00000000,0.00000000
1762144107.714657,9063802059562,0.037,0.038,0.00000000,0.00000000
1762144107.714657,9063802059562,0.038,0.039,207.00000000,0.00000000
1762144107.714657,9063802059562,0.039,0.040,20960.00000000,0.00000000
1762144107.714657,9063802059562,0.040,0.041,12981.00000000,0.00000000
1762144107.714657,9063802059562,0.041,0.042,0.00000000,0.00000000
1762144107.714657,9063802059562,0.042,0.043,0.00000000,0.00000000
1762144107.714657,9063802059562,0.043,0.044,18849.00000000,0.00000000
1762144107.714657,9063802059562,0.044,0.045,55000.00000000,0.00000000
1762144107.714657,9063802059562,0.045,0.046,555.00000000,0.00000000
1762144107.714657,9063802059562,0.046,0.047,195.00000000,0.00000000
1762144107.714657,9063802059562,0.047,0.048,17509.00000000,0.00000000
1762144107.714657,9063802059562,0.048,0.049,0.00000000,0.00000000
1762144107.714657,9063802059562,0.049,0.050,17774.00000000,0.00000000
1762144107.714657,9063802059562,0.050,0.051,61909.00000000,0.00000000
1762144107.714657,9063802059562,0.051,0.052,17681.00000000,0.00000000
1762144107.714657,9063802059562,0.052,0.053,4393.00000000,0.00000000
1762144107.714657,9063802059562,0.053,0.054,500.00000000,0.00000000
1762144107.714657,9063802059562,0.054,0.055,0.00000000,0.00000000
1762144107.714657,9063802059562,0.055,0.056,15839.00000000,0.00000000
1762144107.714657,9063802059562,0.056,0.057,4217.00000000,0.00000000
1762144107.714657,9063802059562,0.057,0.058,863.00000000,0.00000000
1762144107.714657,9063802059562,0.058,0.059,0.00000000,0.00000000
1762144107.714657,9063802059562,0.059,0.060,9881.00000000,0.00000000
1762144107.714657,9063802059562,0.060,0.061,3782.00000000,0.00000000
1762144107.714657,9063802059562,0.061,0.062,81967.00000000,0.00000000
1762144107.714657,9063802059562,0.062,0.063,0.00000000,0.00000000
1762144107.714657,9063802059562,0.063,0.064,18743.00000000,0.00000000
1762144107.714657,9063802059562,0.064,0.065,1333.00000000,0.00000000
1762144107.714657,9063802059562,0.065,0.066,304.00000000,0.00000000
1762144107.714657,9063802059562,0.066,0.067,16016.00000000,0.00000000
1762144107.714657,9063802059562,0.067,0.068,7716.00000000,0.00000000
1762144107.714657,9063802059562,0.068,0.069,9247.00000000,0.00000000
1762144107.714657,9063802059562,0.069,0.070,0.00000000,0.00000000
1762144107.714657,9063802059562,0.070,0.071,4649.00000000,0.00000000
1762144107.714657,9063802059562,0.071,0.072,8218.00000000,0.00000000
1762144107.714657,9063802059562,0.072,0.073,0.00000000,0.00000000
1762144107.714657,9063802059562,0.073,0.074,9513.00000000,0.00000000
1762144107.714657,9063802059562,0.074,0.075,290.00000000,0.00000000
1762144107.714657,9063802059562,0.075,0.076,6246.00000000,0.00000000
1762144107.714657,9063802059562,0.076,0.077,500.00000000,0.00000000
1762144107.714657,9063802059562,0.077,0.078,6016.00000000,0.00000000
1762144107.714657,9063802059562,0.078,0.079,11427.00000000,0.00000000
1762144107.714657,9063802059562,0.079,0.080,5900.00000000,0.00000000
1762144107.714657,9063802059562,0.080,0.081,10117.00000000,0.00000000
1762144107.714657,9063802059562,0.081,0.082,34096.00000000,0.00000000
1762144107.714657,9063802059562,0.082,0.083,761.00000000,0.00000000
1762144107.714657,9063802059562,0.083,0.084,8214.00000000,0.00000000
1762144107.714657,9063802059562,0.084,0.085,1389.00000000,0.00000000
1762144107.714657,9063802059562,0.085,0.086,3640.00000000,0.00000000
1762144107.714657,9063802059562,0.086,0.087,3335.00000000,0.00000000
1762144107.714657,9063802059562,0.087,0.088,40945.00000000,0.00000000
1762144107.714657,9063802059562,0.088,0.089,13365.00000000,0.00000000
1762144107.714657,9063802059562,0.089,0.090,24101.00000000,0.00000000
1762144107.714657,9063802059562,0.090,0.091,28078.00000000,0.00000000
1762144107.714657,9063802059562,0.091,0.092,78408.00000000,0.00000000
1762144107.714657,9063802059562,0.092,0.093,27591.00000000,0.00000000
1762144107.714657,9063802059562,0.093,0.094,5887.00000000,0.00000000
1762144107.714657,9063802059562,0.094,0.095,3055.00000000,0.00000000
1762144107.714657,9063802059562,0.095,0.096,42584.00000000,0.00000000
1762144107.714657,9063802059562,0.096,0.097,28269.00000000,0.00000000
1762144107.714657,9063802059562,0.097,0.098,19323.00000000,0.00000000
1762144107.714657,9063802059562,0.098,0.099,23714.00000000,0.00000000
1762144107.714657,9063802059562,0.099,0.100,32101.00000000,0.00000000
1762144107.714657,9063802059562,0.100,0.101,124197.00000000,0.00000000
1762144107.714657,9063802059562,0.101,0.102,44340.00000000,0.00000000
1762144107.714657,9063802059562,0.102,0.103,10982.00000000,0.00000000
1762144107.714657,9063802059562,0.103,0.104,25757.00000000,0.00000000
1762144107.714657,9063802059562,0.104,0.105,24321.00000000,0.00000000
1762144107.714657,9063802059562,0.105,0.106,142855.00000000,0.00000000
1762144107.714657,9063802059562,0.106,0.107,511387.00000000,0.00000000
1762144107.714657,9063802059562,0.107,0.108,148789.00000000,0.00000000
1762144107.714657,9063802059562,0.108,0.109,93335.00000000,0.00000000
1762144107.714657,9063802059562,0.109,0.110,159972.00000000,0.00000000
1762144107.714657,9063802059562,0.110,0.111,200004.00000000,0.00000000
1762144107.714657,9063802059562,0.111,0.112,565766.00000000,0.00000000
1762144107.714657,9063802059562,0.112,0.113,595264.00000000,0.00000000
1762144107.714657,9063802059562,0.113,0.114,256402.00000000,0.00000000
1762144107.714657,9063802059562,0.114,0.115,463289.00000000,0.00000000
1762144107.714657,9063802059562,0.115,0.116,584050.00000000,0.00000000
1762144107.714657,9063802059562,0.116,0.117,753354.00000000,0.00000000
1762144107.714657,9063802059562,0.117,0.118,1795628.00000000,0.00000000
1762144107.714657,9063802059562,0.118,0.119,1455148.00000000,0.00000000
1762144107.714657,9063802059562,0.119,0.120,2105044.00000000,0.00000000
1762144107.714657,9063802059562,0.120,0.121,2219599.00000000,0.00000000
1762144107.714657,9063802059562,0.121,0.122,3174410.00000000,0.00000000
1762144107.714657,9063802059562,0.122,0.123,3669644.00000000,0.00000000
1762144107.714657,9063802059562,0.123,0.124,2161986.00000000,30143.00000000
1762144107.714657,9063802059562,0.124,0.125,0.00000000,1702724.00000000
1762144107.714657,9063802059562,0.125,0.126,0.00000000,2912960.00000000
1762144107.714657,9063802059562,0.126,0.127,0.00000000,1721898.00000000
1762144107.714657,9063802059562,0.127,0.128,0.00000000,1127859.00000000
1762144107.714657,9063802059562,0.128,0.129,0.00000000,720635.00000000
1762144107.714657,9063802059562,0.129,0.130,0.00000000,189934.00000000
1762144107.714657,9063802059562,0.130,0.131,0.00000000,341008.00000000
1762144107.714657,9063802059562,0.131,0.132,0.00000000,758263.00000000
1762144107.714657,9063802059562,0.132,0.133,0.00000000,1527642.00000000
1762144107.714657,9063802059562,0.133,0.134,0.00000000,722942.00000000
1762144107.714657,9063802059562,0.134,0.135,0.00000000,116640.00000000
1762144107.714657,9063802059562,0.135,0.136,0.00000000,467178.00000000
1762144107.714657,9063802059562,0.136,0.137,0.00000000,226974.00000000
1762144107.714657,9063802059562,0.137,0.138,0.00000000,242194.00000000
1762144107.714657,9063802059562,0.138,0.139,0.00000000,159544.00000000
1762144107.714657,9063802059562,0.139,0.140,0.00000000,101992.00000000
1762144107.714657,9063802059562,0.140,0.141,0.00000000,146244.00000000
1762144107.714657,9063802059562,0.141,0.142,0.00000000,119340.00000000
1762144107.714657,9063802059562,0.142,0.143,0.00000000,96516.00000000
1762144107.714657,9063802059562,0.143,0.144,0.00000000,57754.00000000
1762144107.714657,9063802059562,0.144,0.145,0.00000000,48475.00000000
1762144107.714657,9063802059562,0.145,0.146,0.00000000,84483.00000000
1762144107.714657,9063802059562,0.146,0.147,0.00000000,36338.00000000
1762144107.714657,9063802059562,0.147,0.148,0.00000000,62150.00000000
1762144107.714657,9063802059562,0.148,0.149,0.00000000,48905.00000000
1762144107.714657,9063802059562,0.149,0.150,0.00000000,63842.00000000
1762144107.714657,9063802059562,0.150,0.151,0.00000000,430914.00000000
1762144107.714657,9063802059562,0.151,0.152,0.00000000,14742.00000000
1762144107.714657,9063802059562,0.152,0.153,0.00000000,64608.00000000
1762144107.714657,9063802059562,0.153,0.154,0.00000000,37787.00000000
1762144107.714657,9063802059562,0.154,0.155,0.00000000,24430.00000000
1762144107.714657,9063802059562,0.155,0.156,0.00000000,189990.00000000
1762144107.714657,9063802059562,0.156,0.157,0.00000000,13176.00000000
1762144107.714657,9063802059562,0.157,0.158,0.00000000,80631.00000000
1762144107.714657,9063802059562,0.158,0.159,0.00000000,19583.00000000
1762144107.714657,9063802059562,0.159,0.160,0.00000000,259224.00000000
1762144107.714657,9063802059562,0.160,0.161,0.00000000,280253.00000000
1762144107.714657,9063802059562,0.161,0.162,0.00000000,61437.00000000
1762144107.714657,9063802059562,0.162,0.163,0.00000000,75884.00000000
1762144107.714657,9063802059562,0.163,0.164,0.00000000,74329.00000000
1762144107.714657,9063802059562,0.164,0.165,0.00000000,19006.00000000
1762144107.714657,9063802059562,0.165,0.166,0.00000000,241023.00000000
1762144107.714657,9063802059562,0.166,0.167,0.00000000,29056.00000000
1762144107.714657,9063802059562,0.167,0.168,0.00000000,262707.00000000
1762144107.714657,9063802059562,0.168,0.169,0.00000000,64842.00000000
1762144107.714657,9063802059562,0.169,0.170,0.00000000,158697.00000000
1762144107.714657,9063802059562,0.170,0.171,0.00000000,163720.00000000
1762144107.714657,9063802059562,0.171,0.172,0.00000000,37772.00000000
1762144107.714657,9063802059562,0.172,0.173,0.00000000,5585.00000000
1762144107.714657,9063802059562,0.173,0.174,0.00000000,69828.00000000
1762144107.714657,9063802059562,0.174,0.175,0.00000000,50171.00000000
1762144107.714657,9063802059562,0.175,0.176,0.00000000,109046.00000000
1762144107.714657,9063802059562,0.176,0.177,0.00000000,129932.00000000
1762144107.714657,9063802059562,0.177,0.178,0.00000000,15244.00000000
1762144107.714657,9063802059562,0.178,0.179,0.00000000,11231.00000000
1762144107.714657,9063802059562,0.179,0.180,0.00000000,66456.00000000
1762144107.714657,9063802059562,0.180,0.181,0.00000000,185734.00000000
1762144107.714657,9063802059562,0.181,0.182,0.00000000,17246.00000000
1762144107.714657,9063802059562,0.182,0.183,0.00000000,22673.00000000
1762144107.714657,9063802059562,0.183,0.184,0.00000000,59611.00000000
1762144107.714657,9063802059562,0.184,0.185,0.00000000,28595.00000000
1762144107.714657,9063802059562,0.185,0.186,0.00000000,22384.00000000
1762144107.714657,9063802059562,0.186,0.187,0.00000000,90710.00000000
1762144107.714657,9063802059562,0.187,0.188,0.00000000,107112.00000000
1762144107.714657,9063802059562,0.188,0.189,0.00000000,44029.00000000
1762144107.714657,9063802059562,0.189,0.190,0.00000000,9100.00000000
1762144107.714657,9063802059562,0.190,0.191,0.00000000,92787.00000000
1762144107.714657,9063802059562,0.191,0.192,0.00000000,2791.00000000
1762144107.714657,9063802059562,0.192,0.193,0.00000000,2152.00000000
1762144107.714657,9063802059562,0.193,0.194,0.00000000,22390.00000000
1762144107.714657,9063802059562,0.194,0.195,0.00000000,72007.00000000
1762144107.714657,9063802059562,0.195,0.196,0.00000000,8060.00000000
1762144107.714657,9063802059562,0.196,0.197,0.00000000,4476.00000000
1762144107.714657,9063802059562,0.197,0.198,0.00000000,2114.00000000
1762144107.714657,9063802059562,0.198,0.199,0.00000000,60194.00000000
1762144107.714657,9063802059562,0.199,0.200,0.00000000,10676.00000000
1762144107.714657,9063802059562,0.200,0.201,0.00000000,107706.00000000
1762144107.714657,9063802059562,0.201,0.202,0.00000000,1595.00000000
1762144107.714657,9063802059562,0.202,0.203,0.00000000,547.00000000
1762144107.714657,9063802059562,0.203,0.204,0.00000000,1480.00000000
1762144107.714657,9063802059562,0.204,0.205,0.00000000,4640.00000000
1762144107.714657,9063802059562,0.205,0.206,0.00000000,1181.00000000
1762144107.714657,9063802059562,0.206,0.207,0.00000000,8942.00000000
1762144107.714657,9063802059562,0.207,0.208,0.00000000,23248.00000000
1762144107.714657,9063802059562,0.208,0.209,0.00000000,483.00000000
1762144107.714657,9063802059562,0.209,0.210,0.00000000,1408.00000000
1762144107.714657,9063802059562,0.210,0.211,0.00000000,92690.00000000
1762144107.714657,9063802059562,0.211,0.212,0.00000000,7336.00000000
1762144107.714657,9063802059562,0.212,0.213,0.00000000,315.00000000
1762144107.714657,9063802059562,0.213,0.214,0.00000000,7172.00000000
1762144107.714657,9063802059562,0.214,0.215,0.00000000,1537.00000000
1762144107.714657,9063802059562,0.215,0.216,0.00000000,19369.00000000
1762144107.714657,9063802059562,0.216,0.217,0.00000000,1444.00000000
1762144107.714657,9063802059562,0.217,0.218,0.00000000,112397.00000000
1762144107.714657,9063802059562,0.218,0.219,0.00000000,7480.00000000
1762144107.714657,9063802059562,0.219,0.220,0.00000000,1388.00000000
1762144107.714657,9063802059562,0.220,0.221,0.00000000,4124.00000000
1762144107.714657,9063802059562,0.221,0.222,0.00000000,216.00000000
1762144107.714657,9063802059562,0.222,0.223,0.00000000,1294.00000000
1762144107.714657,9063802059562,0.223,0.224,0.00000000,12300.00000000
1762144107.714657,9063802059562,0.224,0.225,0.00000000,1881.00000000
1762144107.714657,9063802059562,0.225,0.226,0.00000000,18797.00000000
1762144107.714657,9063802059562,0.226,0.227,0.00000000,2516.00000000
1762144107.714657,9063802059562,0.227,0.228,0.00000000,28861.00000000
1762144107.714657,9063802059562,0.228,0.229,0.00000000,1235.00000000
1762144107.714657,9063802059562,0.229,0.230,0.00000000,1426.00000000
1762144107.714657,9063802059562,0.230,0.231,0.00000000,4778.00000000
1762144107.714657,9063802059562,0.231,0.232,0.00000000,972.00000000
1762144107.714657,9063802059562,0.232,0.233,0.00000000,1684.00000000
1762144107.714657,9063802059562,0.233,0.234,0.00000000,140.00000000
1762144107.714657,9063802059562,0.234,0.235,0.00000000,2754.00000000
1762144107.714657,9063802059562,0.235,0.236,0.00000000,2480.00000000
1762144107.714657,9063802059562,0.236,0.237,0.00000000,989.00000000
1762144107.714657,9063802059562,0.237,0.238,0.00000000,1603.00000000
1762144107.714657,9063802059562,0.238,0.239,0.00000000,971.00000000
1762144107.714657,9063802059562,0.239,0.240,0.00000000,287.00000000
1762144107.714657,9063802059562,0.240,0.241,0.00000000,1890.00000000
1762144107.714657,9063802059562,0.241,0.242,0.00000000,215.00000000
1762144107.714657,9063802059562,0.242,0.243,0.00000000,19810.00000000
1762144107.714657,9063802059562,0.243,0.244,0.00000000,24758.00000000
1762144107.714657,9063802059562,0.244,0.245,0.00000000,5243.00000000
1762144107.714657,9063802059562,0.245,0.246,0.00000000,1626.00000000
1762144107.714657,9063802059562,0.246,0.247,0.00000000,1070.00000000
1762144107.714657,9063802059562,0.247,0.248,0.00000000,1734.00000000
1762144107.714657,9063802059562,0.248,0.249,0.00000000,2397.00000000
1762144107.714657,9063802059562,0.249,0.250,0.00000000,123.00000000
1762144107.714657,9063802059562,0.250,0.251,0.00000000,14625.00000000
1762144107.714657,9063802059562,0.251,0.252,0.00000000,1153.00000000
1762144107.714657,9063802059562,0.252,0.253,0.00000000,4972.00000000
1762144107.714657,9063802059562,0.253,0.254,0.00000000,1315.00000000
1762144107.714657,9063802059562,0.254,0.255,0.00000000,501.00000000
1762144107.714657,9063802059562,0.255,0.256,0.00000000,2312.00000000
1762144107.714657,9063802059562,0.256,0.257,0.00000000,250.00000000
1762144107.714657,9063802059562,0.257,0.258,0.00000000,67.00000000
1762144107.714657,9063802059562,0.258,0.259,0.00000000,27760.00000000
1762144107.714657,9063802059562,0.259,0.260,0.00000000,39.00000000
1762144107.714657,9063802059562,0.260,0.261,0.00000000,3345.00000000
1762144107.714657,9063802059562,0.261,0.262,0.00000000,1370.00000000
1762144107.714657,9063802059562,0.262,0.263,0.00000000,67.00000000
1762144107.714657,9063802059562,0.263,0.264,0.00000000,1239.00000000
1762144107.714657,9063802059562,0.264,0.265,0.00000000,76.00000000
1762144107.714657,9063802059562,0.265,0.266,0.00000000,26815.00000000
1762144107.714657,9063802059562,0.266,0.267,0.00000000,1471.00000000
1762144107.714657,9063802059562,0.267,0.268,0.00000000,418.00000000
1762144107.714657,9063802059562,0.268,0.269,0.00000000,7103.00000000
1762144107.714657,9063802059562,0.269,0.270,0.00000000,89.00000000
1762144107.714657,9063802059562,0.270,0.271,0.00000000,300.00000000
