timestamp,last_update_id,side,level,price,quantity
1762091227.8198416,9058459239213,bid,1,110289.20000000,12.05400000
1762091227.8198416,9058459239213,bid,2,110289.10000000,0.01800000
1762091227.8198416,9058459239213,bid,3,110289.00000000,0.00100000
1762091227.8198416,9058459239213,bid,4,110288.20000000,0.03000000
1762091227.8198416,9058459239213,bid,5,110288.10000000,0.00200000
1762091227.8198416,9058459239213,bid,6,110287.70000000,0.00200000
1762091227.8198416,9058459239213,bid,7,110287.60000000,0.00200000
1762091227.8198416,9058459239213,bid,8,110286.90000000,0.00300000
1762091227.8198416,9058459239213,bid,9,110286.50000000,0.00200000
1762091227.8198416,9058459239213,bid,10,110286.30000000,0.01000000
1762091227.8198416,9058459239213,bid,11,110286.20000000,0.04600000
1762091227.8198416,9058459239213,bid,12,110286.10000000,0.00200000
1762091227.8198416,9058459239213,bid,13,110285.80000000,0.00100000
1762091227.8198416,9058459239213,bid,14,110285.40000000,0.00200000
1762091227.8198416,9058459239213,bid,15,110285.00000000,0.19600000
1762091227.8198416,9058459239213,bid,16,110284.70000000,0.00200000
1762091227.8198416,9058459239213,bid,17,110284.00000000,0.00300000
1762091227.8198416,9058459239213,bid,18,110283.80000000,0.00200000
1762091227.8198416,9058459239213,bid,19,110283.40000000,0.00200000
1762091227.8198416,9058459239213,bid,20,110283.20000000,0.00200000
1762091227.8198416,9058459239213,bid,21,110283.10000000,0.27400000
1762091227.8198416,9058459239213,bid,22,110283.00000000,0.05900000
1762091227.8198416,9058459239213,bid,23,110282.80000000,0.01300000
1762091227.8198416,9058459239213,bid,24,110282.70000000,0.00100000
1762091227.8198416,9058459239213,bid,25,110282.60000000,0.05600000
1762091227.8198416,9058459239213,bid,26,110282.40000000,0.00100000
1762091227.8198416,9058459239213,bid,27,110282.20000000,0.00200000
1762091227.8198416,9058459239213,bid,28,110282.00000000,0.00300000
1762091227.8198416,9058459239213,bid,29,110281.80000000,0.02800000
1762091227.8198416,9058459239213,bid,30,110281.50000000,0.00200000
1762091227.8198416,9058459239213,bid,31,110281.30000000,0.00100000
1762091227.8198416,9058459239213,bid,32,110281.00000000,0.00700000
1762091227.8198416,9058459239213,bid,33,110280.90000000,0.34300000
1762091227.8198416,9058459239213,bid,34,110280.80000000,0.00100000
1762091227.8198416,9058459239213,bid,35,110280.50000000,0.02700000
1762091227.8198416,9058459239213,bid,36,110280.40000000,0.16700000
1762091227.8198416,9058459239213,bid,37,110280.30000000,0.00300000
1762091227.8198416,9058459239213,bid,38,110280.10000000,0.00200000
1762091227.8198416,9058459239213,bid,39,110280.00000000,0.00700000
1762091227.8198416,9058459239213,bid,40,110279.90000000,0.00600000
1762091227.8198416,9058459239213,bid,41,110279.80000000,1.24000000
1762091227.8198416,9058459239213,bid,42,110279.70000000,2.49800000
1762091227.8198416,9058459239213,bid,43,110279.60000000,0.00100000
1762091227.8198416,9058459239213,bid,44,110279.50000000,0.60800000
1762091227.8198416,9058459239213,bid,45,110279.40000000,0.08800000
1762091227.8198416,9058459239213,bid,46,110279.10000000,0.00100000
1762091227.8198416,9058459239213,bid,47,110279.00000000,0.34200000
1762091227.8198416,9058459239213,bid,48,110278.70000000,0.00200000
1762091227.8198416,9058459239213,bid,49,110278.30000000,0.27100000
1762091227.8198416,9058459239213,bid,50,110278.20000000,0.88500000
1762091227.8198416,9058459239213,bid,51,110278.10000000,0.00700000
1762091227.8198416,9058459239213,bid,52,110278.00000000,0.00100000
1762091227.8198416,9058459239213,bid,53,110277.90000000,0.04200000
1762091227.8198416,9058459239213,bid,54,110277.80000000,0.34200000
1762091227.8198416,9058459239213,bid,55,110277.40000000,0.00800000
1762091227.8198416,9058459239213,bid,56,110277.20000000,0.04800000
1762091227.8198416,9058459239213,bid,57,110277.10000000,0.25500000
1762091227.8198416,9058459239213,bid,58,110276.80000000,0.00600000
1762091227.8198416,9058459239213,bid,59,110276.60000000,0.00200000
1762091227.8198416,9058459239213,bid,60,110276.30000000,0.00100000
1762091227.8198416,9058459239213,bid,61,110276.20000000,0.00100000
1762091227.8198416,9058459239213,bid,62,110276.00000000,0.00200000
1762091227.8198416,9058459239213,bid,63,110275.70000000,0.00200000
1762091227.8198416,9058459239213,bid,64,110275.60000000,0.00100000
1762091227.8198416,9058459239213,bid,65,110275.50000000,0.33900000
1762091227.8198416,9058459239213,bid,66,110275.40000000,0.00200000
1762091227.8198416,9058459239213,bid,67,110275.30000000,0.09100000
1762091227.8198416,9058459239213,bid,68,110275.10000000,0.39100000
1762091227.8198416,9058459239213,bid,69,110275.00000000,0.00100000
1762091227.8198416,9058459239213,bid,70,110274.90000000,0.00300000
1762091227.8198416,9058459239213,bid,71,110274.70000000,0.59500000
1762091227.8198416,9058459239213,bid,72,110274.60000000,0.01200000
1762091227.8198416,9058459239213,bid,73,110274.40000000,0.00900000
1762091227.8198416,9058459239213,bid,74,110274.30000000,0.00900000
1762091227.8198416,9058459239213,bid,75,110274.20000000,0.00700000
1762091227.8198416,9058459239213,bid,76,110274.00000000,0.00800000
1762091227.8198416,9058459239213,bid,77,110273.80000000,0.00200000
1762091227.8198416,9058459239213,bid,78,110273.70000000,0.00200000
1762091227.8198416,9058459239213,bid,79,110273.50000000,0.19100000
1762091227.8198416,9058459239213,bid,80,110273.40000000,0.00100000
1762091227.8198416,9058459239213,bid,81,110273.30000000,0.00400000
1762091227.8198416,9058459239213,bid,82,110273.20000000,0.25400000
1762091227.8198416,9058459239213,bid,83,110273.10000000,0.00600000
1762091227.8198416,9058459239213,bid,84,110273.00000000,0.00300000
1762091227.8198416,9058459239213,bid,85,110272.90000000,2.50000000
1762091227.8198416,9058459239213,bid,86,110272.80000000,0.06900000
1762091227.8198416,9058459239213,bid,87,110272.70000000,0.00300000
1762091227.8198416,9058459239213,bid,88,110272.50000000,0.00600000
1762091227.8198416,9058459239213,bid,89,110272.40000000,0.01000000
1762091227.8198416,9058459239213,bid,90,110272.30000000,0.28700000
1762091227.8198416,9058459239213,bid,91,110272.20000000,0.00100000
1762091227.8198416,9058459239213,bid,92,110272.10000000,0.00800000
1762091227.8198416,9058459239213,bid,93,110272.00000000,0.00100000
1762091227.8198416,9058459239213,bid,94,110271.90000000,0.00200000
1762091227.8198416,9058459239213,bid,95,110271.80000000,0.00400000
1762091227.8198416,9058459239213,bid,96,110271.60000000,0.00200000
1762091227.8198416,9058459239213,bid,97,110271.20000000,0.04800000
1762091227.8198416,9058459239213,bid,98,110271.10000000,0.00200000
1762091227.8198416,9058459239213,bid,99,110271.00000000,0.00100000
1762091227.8198416,9058459239213,bid,100,110270.80000000,0.04500000
1762091227.8198416,9058459239213,bid,101,110270.70000000,0.00200000
1762091227.8198416,9058459239213,bid,102,110270.50000000,0.00200000
1762091227.8198416,9058459239213,bid,103,110270.30000000,0.18700000
1762091227.8198416,9058459239213,bid,104,110270.20000000,0.00100000
1762091227.8198416,9058459239213,bid,105,110270.10000000,0.00500000
1762091227.8198416,9058459239213,bid,106,110270.00000000,0.00600000
1762091227.8198416,9058459239213,bid,107,110269.90000000,0.19400000
1762091227.8198416,9058459239213,bid,108,110269.80000000,0.00200000
1762091227.8198416,9058459239213,bid,109,110269.70000000,0.25600000
1762091227.8198416,9058459239213,bid,110,110269.60000000,0.00200000
1762091227.8198416,9058459239213,bid,111,110269.50000000,0.00200000
1762091227.8198416,9058459239213,bid,112,110269.40000000,0.00800000
1762091227.8198416,9058459239213,bid,113,110269.30000000,0.22600000
1762091227.8198416,9058459239213,bid,114,110269.10000000,0.38000000
1762091227.8198416,9058459239213,bid,115,110269.00000000,0.00400000
1762091227.8198416,9058459239213,bid,116,110268.90000000,0.03900000
1762091227.8198416,9058459239213,bid,117,110268.80000000,0.30000000
1762091227.8198416,9058459239213,bid,118,110268.60000000,0.00100000
1762091227.8198416,9058459239213,bid,119,110268.50000000,0.00500000
1762091227.8198416,9058459239213,bid,120,110268.20000000,0.00800000
1762091227.8198416,9058459239213,bid,121,110267.90000000,0.08000000
1762091227.8198416,9058459239213,bid,122,110267.70000000,0.00100000
1762091227.8198416,9058459239213,bid,123,110267.60000000,0.00300000
1762091227.8198416,9058459239213,bid,124,110267.50000000,0.00300000
1762091227.8198416,9058459239213,bid,125,110267.40000000,0.04600000
1762091227.8198416,9058459239213,bid,126,110267.30000000,0.79500000
1762091227.8198416,9058459239213,bid,127,110267.20000000,2.50600000
1762091227.8198416,9058459239213,bid,128,110267.10000000,0.36600000
1762091227.8198416,9058459239213,bid,129,110267.00000000,0.04500000
1762091227.8198416,9058459239213,bid,130,110266.90000000,0.00100000
1762091227.8198416,9058459239213,bid,131,110266.70000000,0.32500000
1762091227.8198416,9058459239213,bid,132,110266.60000000,0.00200000
1762091227.8198416,9058459239213,bid,133,110266.50000000,0.00300000
1762091227.8198416,9058459239213,bid,134,110266.40000000,0.44000000
1762091227.8198416,9058459239213,bid,135,110266.20000000,0.00700000
1762091227.8198416,9058459239213,bid,136,110266.10000000,0.00100000
1762091227.8198416,9058459239213,bid,137,110266.00000000,0.00200000
1762091227.8198416,9058459239213,bid,138,110265.90000000,0.03700000
1762091227.8198416,9058459239213,bid,139,110265.80000000,0.29000000
1762091227.8198416,9058459239213,bid,140,110265.70000000,0.00100000
1762091227.8198416,9058459239213,bid,141,110265.50000000,0.34800000
1762091227.8198416,9058459239213,bid,142,110265.40000000,0.00300000
1762091227.8198416,9058459239213,bid,143,110265.00000000,0.00900000
1762091227.8198416,9058459239213,bid,144,110264.90000000,0.08800000
1762091227.8198416,9058459239213,bid,145,110264.80000000,0.00800000
1762091227.8198416,9058459239213,bid,146,110264.70000000,0.34000000
1762091227.8198416,9058459239213,bid,147,110264.60000000,0.00300000
1762091227.8198416,9058459239213,bid,148,110264.30000000,0.01000000
1762091227.8198416,9058459239213,bid,149,110264.20000000,0.04600000
1762091227.8198416,9058459239213,bid,150,110264.00000000,0.00800000
1762091227.8198416,9058459239213,bid,151,110263.90000000,0.08600000
1762091227.8198416,9058459239213,bid,152,110263.80000000,1.08900000
1762091227.8198416,9058459239213,bid,153,110263.70000000,0.27100000
1762091227.8198416,9058459239213,bid,154,110263.60000000,0.00600000
1762091227.8198416,9058459239213,bid,155,110263.50000000,0.04500000
1762091227.8198416,9058459239213,bid,156,110263.20000000,0.29200000
1762091227.8198416,9058459239213,bid,157,110263.10000000,0.00200000
1762091227.8198416,9058459239213,bid,158,110263.00000000,0.00800000
1762091227.8198416,9058459239213,bid,159,110262.90000000,0.00100000
1762091227.8198416,9058459239213,bid,160,110262.80000000,0.09200000
1762091227.8198416,9058459239213,bid,161,110262.70000000,0.04500000
1762091227.8198416,9058459239213,bid,162,110262.50000000,0.04700000
1762091227.8198416,9058459239213,bid,163,110262.40000000,0.04500000
1762091227.8198416,9058459239213,bid,164,110262.10000000,0.00200000
1762091227.8198416,9058459239213,bid,165,110262.00000000,1.94400000
1762091227.8198416,9058459239213,bid,166,110261.90000000,0.25800000
1762091227.8198416,9058459239213,bid,167,110261.80000000,0.03000000
1762091227.8198416,9058459239213,bid,168,110261.70000000,0.24500000
1762091227.8198416,9058459239213,bid,169,110261.60000000,2.59200000
1762091227.8198416,9058459239213,bid,170,110261.50000000,0.00300000
1762091227.8198416,9058459239213,bid,171,110261.40000000,0.00100000
1762091227.8198416,9058459239213,bid,172,110261.20000000,0.00300000
1762091227.8198416,9058459239213,bid,173,110261.10000000,0.28500000
1762091227.8198416,9058459239213,bid,174,110261.00000000,0.00200000
1762091227.8198416,9058459239213,bid,175,110260.90000000,0.00700000
1762091227.8198416,9058459239213,bid,176,110260.80000000,0.00300000
1762091227.8198416,9058459239213,bid,177,110260.70000000,0.04600000
1762091227.8198416,9058459239213,bid,178,110260.60000000,0.01800000
1762091227.8198416,9058459239213,bid,179,110260.50000000,0.08600000
1762091227.8198416,9058459239213,bid,180,110260.00000000,0.00600000
1762091227.8198416,9058459239213,bid,181,110259.90000000,0.04500000
1762091227.8198416,9058459239213,bid,182,110259.80000000,0.00300000
1762091227.8198416,9058459239213,bid,183,110259.70000000,0.00200000
1762091227.8198416,9058459239213,bid,184,110259.60000000,0.00200000
1762091227.8198416,9058459239213,bid,185,110259.50000000,0.34200000
1762091227.8198416,9058459239213,bid,186,110259.40000000,0.00200000
1762091227.8198416,9058459239213,bid,187,110259.20000000,0.00900000
1762091227.8198416,9058459239213,bid,188,110259.10000000,0.00600000
1762091227.8198416,9058459239213,bid,189,110259.00000000,0.08600000
1762091227.8198416,9058459239213,bid,190,110258.80000000,0.00200000
1762091227.8198416,9058459239213,bid,191,110258.70000000,0.00600000
1762091227.8198416,9058459239213,bid,192,110258.60000000,0.00100000
1762091227.8198416,9058459239213,bid,193,110258.50000000,0.00500000
1762091227.8198416,9058459239213,bid,194,110258.40000000,0.00200000
1762091227.8198416,9058459239213,bid,195,110258.30000000,0.29000000
1762091227.8198416,9058459239213,bid,196,110258.10000000,0.00300000
1762091227.8198416,9058459239213,bid,197,110258.00000000,0.04500000
1762091227.8198416,9058459239213,bid,198,110257.90000000,0.13800000
1762091227.8198416,9058459239213,bid,199,110257.70000000,0.53300000
1762091227.8198416,9058459239213,bid,200,110257.60000000,0.29300000
1762091227.8198416,9058459239213,bid,201,110257.50000000,0.08500000
1762091227.8198416,9058459239213,bid,202,110257.30000000,0.00400000
1762091227.8198416,9058459239213,bid,203,110257.20000000,0.00200000
1762091227.8198416,9058459239213,bid,204,110257.10000000,0.02700000
1762091227.8198416,9058459239213,bid,205,110257.00000000,0.00400000
1762091227.8198416,9058459239213,bid,206,110256.90000000,0.18300000
1762091227.8198416,9058459239213,bid,207,110256.80000000,0.00200000
1762091227.8198416,9058459239213,bid,208,110256.60000000,0.00100000
1762091227.8198416,9058459239213,bid,209,110256.30000000,0.00300000
1762091227.8198416,9058459239213,bid,210,110256.20000000,0.00200000
1762091227.8198416,9058459239213,bid,211,110256.00000000,0.08400000
1762091227.8198416,9058459239213,bid,212,110255.80000000,0.20200000
1762091227.8198416,9058459239213,bid,213,110255.70000000,0.03400000
1762091227.8198416,9058459239213,bid,214,110255.60000000,0.04500000
1762091227.8198416,9058459239213,bid,215,110255.40000000,0.00200000
1762091227.8198416,9058459239213,bid,216,110255.30000000,0.28700000
1762091227.8198416,9058459239213,bid,217,110255.20000000,0.00500000
1762091227.8198416,9058459239213,bid,218,110255.10000000,0.33900000
1762091227.8198416,9058459239213,bid,219,110255.00000000,0.36300000
1762091227.8198416,9058459239213,bid,220,110254.90000000,0.00500000
1762091227.8198416,9058459239213,bid,221,110254.80000000,0.29400000
1762091227.8198416,9058459239213,bid,222,110254.70000000,0.06700000
1762091227.8198416,9058459239213,bid,223,110254.60000000,0.21800000
1762091227.8198416,9058459239213,bid,224,110254.50000000,0.04700000
1762091227.8198416,9058459239213,bid,225,110254.40000000,0.00100000
1762091227.8198416,9058459239213,bid,226,110254.20000000,0.00100000
1762091227.8198416,9058459239213,bid,227,110254.10000000,0.00400000
1762091227.8198416,9058459239213,bid,228,110253.90000000,0.13800000
1762091227.8198416,9058459239213,bid,229,110253.60000000,0.08200000
1762091227.8198416,9058459239213,bid,230,110253.50000000,0.03800000
1762091227.8198416,9058459239213,bid,231,110253.40000000,0.04500000
1762091227.8198416,9058459239213,bid,232,110253.00000000,0.00500000
1762091227.8198416,9058459239213,bid,233,110252.90000000,0.00100000
1762091227.8198416,9058459239213,bid,234,110252.70000000,0.16300000
1762091227.8198416,9058459239213,bid,235,110252.60000000,0.42700000
1762091227.8198416,9058459239213,bid,236,110252.50000000,0.00200000
1762091227.8198416,9058459239213,bid,237,110252.40000000,0.04700000
1762091227.8198416,9058459239213,bid,238,110252.30000000,1.05500000
1762091227.8198416,9058459239213,bid,239,110252.20000000,0.68000000
1762091227.8198416,9058459239213,bid,240,110252.10000000,0.34400000
1762091227.8198416,9058459239213,bid,241,110252.00000000,0.29700000
1762091227.8198416,9058459239213,bid,242,110251.90000000,0.13600000
1762091227.8198416,9058459239213,bid,243,110251.80000000,0.00100000
1762091227.8198416,9058459239213,bid,244,110251.50000000,0.04900000
1762091227.8198416,9058459239213,bid,245,110251.40000000,2.75200000
1762091227.8198416,9058459239213,bid,246,110251.30000000,0.03600000
1762091227.8198416,9058459239213,bid,247,110251.20000000,0.00100000
1762091227.8198416,9058459239213,bid,248,110251.10000000,0.39200000
1762091227.8198416,9058459239213,bid,249,110251.00000000,0.02400000
1762091227.8198416,9058459239213,bid,250,110250.90000000,0.00200000
1762091227.8198416,9058459239213,bid,251,110250.80000000,0.00100000
1762091227.8198416,9058459239213,bid,252,110250.60000000,0.01700000
1762091227.8198416,9058459239213,bid,253,110250.50000000,0.00200000
1762091227.8198416,9058459239213,bid,254,110250.40000000,0.00100000
1762091227.8198416,9058459239213,bid,255,110250.30000000,1.00700000
1762091227.8198416,9058459239213,bid,256,110250.20000000,0.00200000
1762091227.8198416,9058459239213,bid,257,110250.10000000,0.00400000
1762091227.8198416,9058459239213,bid,258,110250.00000000,0.35100000
1762091227.8198416,9058459239213,bid,259,110249.90000000,0.03900000
1762091227.8198416,9058459239213,bid,260,110249.70000000,0.00400000
1762091227.8198416,9058459239213,bid,261,110249.50000000,0.13600000
1762091227.8198416,9058459239213,bid,262,110249.40000000,0.00100000
1762091227.8198416,9058459239213,bid,263,110249.30000000,0.00200000
1762091227.8198416,9058459239213,bid,264,110249.10000000,0.00200000
1762091227.8198416,9058459239213,bid,265,110249.00000000,0.00200000
1762091227.8198416,9058459239213,bid,266,110248.70000000,0.04200000
1762091227.8198416,9058459239213,bid,267,110248.50000000,0.65400000
1762091227.8198416,9058459239213,bid,268,110248.40000000,0.00100000
1762091227.8198416,9058459239213,bid,269,110248.30000000,0.00200000
1762091227.8198416,9058459239213,bid,270,110248.10000000,0.45200000
1762091227.8198416,9058459239213,bid,271,110248.00000000,0.02900000
1762091227.8198416,9058459239213,bid,272,110247.90000000,0.25600000
1762091227.8198416,9058459239213,bid,273,110247.80000000,0.00100000
1762091227.8198416,9058459239213,bid,274,110247.50000000,0.00500000
1762091227.8198416,9058459239213,bid,275,110247.00000000,0.00300000
1762091227.8198416,9058459239213,bid,276,110246.90000000,0.00200000
1762091227.8198416,9058459239213,bid,277,110246.70000000,0.00100000
1762091227.8198416,9058459239213,bid,278,110246.50000000,0.34100000
1762091227.8198416,9058459239213,bid,279,110246.40000000,0.30600000
1762091227.8198416,9058459239213,bid,280,110246.30000000,0.00200000
1762091227.8198416,9058459239213,bid,281,110246.10000000,0.97100000
1762091227.8198416,9058459239213,bid,282,110246.00000000,0.33900000
1762091227.8198416,9058459239213,bid,283,110245.90000000,0.00100000
1762091227.8198416,9058459239213,bid,284,110245.80000000,0.00400000
1762091227.8198416,9058459239213,bid,285,110245.70000000,0.28900000
1762091227.8198416,9058459239213,bid,286,110245.60000000,0.33900000
1762091227.8198416,9058459239213,bid,287,110245.40000000,0.02100000
1762091227.8198416,9058459239213,bid,288,110245.20000000,0.00100000
1762091227.8198416,9058459239213,bid,289,110245.10000000,0.04700000
1762091227.8198416,9058459239213,bid,290,110245.00000000,0.00100000
1762091227.8198416,9058459239213,bid,291,110244.90000000,1.66500000
1762091227.8198416,9058459239213,bid,292,110244.80000000,0.54100000
1762091227.8198416,9058459239213,bid,293,110244.70000000,0.00300000
1762091227.8198416,9058459239213,bid,294,110244.60000000,0.20100000
1762091227.8198416,9058459239213,bid,295,110244.50000000,0.00200000
1762091227.8198416,9058459239213,bid,296,110244.40000000,0.01400000
1762091227.8198416,9058459239213,bid,297,110244.30000000,0.00300000
1762091227.8198416,9058459239213,bid,298,110244.10000000,0.00400000
1762091227.8198416,9058459239213,bid,299,110244.00000000,0.25500000
1762091227.8198416,9058459239213,bid,300,110243.90000000,0.00300000
1762091227.8198416,9058459239213,bid,301,110243.70000000,0.34300000
1762091227.8198416,9058459239213,bid,302,110243.60000000,0.27400000
1762091227.8198416,9058459239213,bid,303,110243.50000000,0.00400000
1762091227.8198416,9058459239213,bid,304,110243.30000000,0.00200000
1762091227.8198416,9058459239213,bid,305,110243.20000000,0.03500000
1762091227.8198416,9058459239213,bid,306,110243.10000000,0.00100000
1762091227.8198416,9058459239213,bid,307,110243.00000000,0.00100000
1762091227.8198416,9058459239213,bid,308,110242.90000000,0.02600000
1762091227.8198416,9058459239213,bid,309,110242.80000000,0.00100000
1762091227.8198416,9058459239213,bid,310,110242.70000000,0.00200000
1762091227.8198416,9058459239213,bid,311,110242.60000000,0.00700000
1762091227.8198416,9058459239213,bid,312,110242.40000000,0.00200000
1762091227.8198416,9058459239213,bid,313,110242.30000000,0.00200000
1762091227.8198416,9058459239213,bid,314,110242.20000000,2.50300000
1762091227.8198416,9058459239213,bid,315,110242.10000000,0.02300000
1762091227.8198416,9058459239213,bid,316,110242.00000000,1.10900000
1762091227.8198416,9058459239213,bid,317,110241.90000000,0.00200000
1762091227.8198416,9058459239213,bid,318,110241.80000000,0.00100000
1762091227.8198416,9058459239213,bid,319,110241.70000000,0.34100000
1762091227.8198416,9058459239213,bid,320,110241.60000000,0.00600000
1762091227.8198416,9058459239213,bid,321,110241.50000000,0.00200000
1762091227.8198416,9058459239213,bid,322,110241.30000000,0.01100000
1762091227.8198416,9058459239213,bid,323,110241.20000000,0.34100000
1762091227.8198416,9058459239213,bid,324,110241.10000000,0.00200000
1762091227.8198416,9058459239213,bid,325,110241.00000000,0.00100000
1762091227.8198416,9058459239213,bid,326,110240.90000000,0.00600000
1762091227.8198416,9058459239213,bid,327,110240.80000000,0.29400000
1762091227.8198416,9058459239213,bid,328,110240.70000000,0.00100000
1762091227.8198416,9058459239213,bid,329,110240.60000000,0.00500000
1762091227.8198416,9058459239213,bid,330,110240.50000000,0.25400000
1762091227.8198416,9058459239213,bid,331,110240.30000000,0.02200000
1762091227.8198416,9058459239213,bid,332,110240.20000000,0.04500000
1762091227.8198416,9058459239213,bid,333,110240.10000000,0.28700000
1762091227.8198416,9058459239213,bid,334,110240.00000000,0.41600000
1762091227.8198416,9058459239213,bid,335,110239.90000000,0.00300000
1762091227.8198416,9058459239213,bid,336,110239.80000000,0.00100000
1762091227.8198416,9058459239213,bid,337,110239.70000000,0.00200000
1762091227.8198416,9058459239213,bid,338,110239.60000000,0.39200000
1762091227.8198416,9058459239213,bid,339,110239.50000000,0.00200000
1762091227.8198416,9058459239213,bid,340,110239.40000000,0.00100000
1762091227.8198416,9058459239213,bid,341,110239.20000000,0.00200000
1762091227.8198416,9058459239213,bid,342,110239.10000000,1.07900000
1762091227.8198416,9058459239213,bid,343,110238.90000000,0.09200000
1762091227.8198416,9058459239213,bid,344,110238.80000000,0.01500000
1762091227.8198416,9058459239213,bid,345,110238.70000000,0.00200000
1762091227.8198416,9058459239213,bid,346,110238.60000000,0.27100000
1762091227.8198416,9058459239213,bid,347,110238.50000000,0.00200000
1762091227.8198416,9058459239213,bid,348,110238.40000000,0.02900000
1762091227.8198416,9058459239213,bid,349,110238.30000000,0.00500000
1762091227.8198416,9058459239213,bid,350,110238.20000000,0.00100000
1762091227.8198416,9058459239213,bid,351,110238.10000000,0.00800000
1762091227.8198416,9058459239213,bid,352,110238.00000000,0.55700000
1762091227.8198416,9058459239213,bid,353,110237.90000000,0.68200000
1762091227.8198416,9058459239213,bid,354,110237.80000000,0.01700000
1762091227.8198416,9058459239213,bid,355,110237.60000000,0.01100000
1762091227.8198416,9058459239213,bid,356,110237.50000000,0.00200000
1762091227.8198416,9058459239213,bid,357,110237.40000000,0.00700000
1762091227.8198416,9058459239213,bid,358,110237.30000000,0.01000000
1762091227.8198416,9058459239213,bid,359,110236.90000000,0.00300000
1762091227.8198416,9058459239213,bid,360,110236.80000000,0.00400000
1762091227.8198416,9058459239213,bid,361,110236.70000000,0.00400000
1762091227.8198416,9058459239213,bid,362,110236.60000000,0.58600000
1762091227.8198416,9058459239213,bid,363,110236.50000000,0.03800000
1762091227.8198416,9058459239213,bid,364,110236.30000000,0.06800000
1762091227.8198416,9058459239213,bid,365,110236.10000000,0.25700000
1762091227.8198416,9058459239213,bid,366,110236.00000000,0.76200000
1762091227.8198416,9058459239213,bid,367,110235.90000000,2.50200000
1762091227.8198416,9058459239213,bid,368,110235.80000000,0.25200000
1762091227.8198416,9058459239213,bid,369,110235.50000000,0.07200000
1762091227.8198416,9058459239213,bid,370,110235.20000000,0.45900000
1762091227.8198416,9058459239213,bid,371,110235.10000000,0.35100000
1762091227.8198416,9058459239213,bid,372,110235.00000000,0.00400000
1762091227.8198416,9058459239213,bid,373,110234.90000000,0.01200000
1762091227.8198416,9058459239213,bid,374,110234.80000000,0.00300000
1762091227.8198416,9058459239213,bid,375,110234.60000000,0.00400000
1762091227.8198416,9058459239213,bid,376,110234.50000000,0.00200000
1762091227.8198416,9058459239213,bid,377,110234.40000000,0.00200000
1762091227.8198416,9058459239213,bid,378,110234.30000000,0.12700000
1762091227.8198416,9058459239213,bid,379,110234.20000000,0.54400000
1762091227.8198416,9058459239213,bid,380,110234.10000000,0.39700000
1762091227.8198416,9058459239213,bid,381,110234.00000000,0.27100000
1762091227.8198416,9058459239213,bid,382,110233.90000000,0.00200000
1762091227.8198416,9058459239213,bid,383,110233.70000000,0.10300000
1762091227.8198416,9058459239213,bid,384,110233.60000000,0.59700000
1762091227.8198416,9058459239213,bid,385,110233.50000000,0.00800000
1762091227.8198416,9058459239213,bid,386,110233.40000000,0.02300000
1762091227.8198416,9058459239213,bid,387,110233.30000000,0.07100000
1762091227.8198416,9058459239213,bid,388,110233.20000000,0.00100000
1762091227.8198416,9058459239213,bid,389,110233.10000000,0.02300000
1762091227.8198416,9058459239213,bid,390,110233.00000000,0.01000000
1762091227.8198416,9058459239213,bid,391,110232.90000000,0.02700000
1762091227.8198416,9058459239213,bid,392,110232.80000000,0.07900000
1762091227.8198416,9058459239213,bid,393,110232.70000000,0.00200000
1762091227.8198416,9058459239213,bid,394,110232.60000000,0.02000000
1762091227.8198416,9058459239213,bid,395,110232.50000000,0.00100000
1762091227.8198416,9058459239213,bid,396,110232.40000000,0.01000000
1762091227.8198416,9058459239213,bid,397,110232.30000000,0.00200000
1762091227.8198416,9058459239213,bid,398,110232.10000000,0.09400000
1762091227.8198416,9058459239213,bid,399,110231.90000000,0.02300000
1762091227.8198416,9058459239213,bid,400,110231.80000000,0.00700000
1762091227.8198416,9058459239213,bid,401,110231.70000000,0.00100000
1762091227.8198416,9058459239213,bid,402,110231.60000000,0.00100000
1762091227.8198416,9058459239213,bid,403,110231.50000000,0.00200000
1762091227.8198416,9058459239213,bid,404,110231.40000000,0.40200000
1762091227.8198416,9058459239213,bid,405,110231.30000000,0.00300000
1762091227.8198416,9058459239213,bid,406,110231.20000000,0.03500000
1762091227.8198416,9058459239213,bid,407,110231.10000000,0.00800000
1762091227.8198416,9058459239213,bid,408,110231.00000000,0.44200000
1762091227.8198416,9058459239213,bid,409,110230.90000000,0.02700000
1762091227.8198416,9058459239213,bid,410,110230.70000000,0.00100000
1762091227.8198416,9058459239213,bid,411,110230.60000000,0.09300000
1762091227.8198416,9058459239213,bid,412,110230.40000000,0.46300000
1762091227.8198416,9058459239213,bid,413,110230.20000000,0.30200000
1762091227.8198416,9058459239213,bid,414,110230.10000000,0.30900000
1762091227.8198416,9058459239213,bid,415,110230.00000000,1.11200000
1762091227.8198416,9058459239213,bid,416,110229.90000000,0.00400000
1762091227.8198416,9058459239213,bid,417,110229.80000000,0.03500000
1762091227.8198416,9058459239213,bid,418,110229.70000000,0.25500000
1762091227.8198416,9058459239213,bid,419,110229.60000000,0.29300000
1762091227.8198416,9058459239213,bid,420,110229.50000000,0.02300000
1762091227.8198416,9058459239213,bid,421,110229.40000000,0.01200000
1762091227.8198416,9058459239213,bid,422,110229.20000000,0.00200000
1762091227.8198416,9058459239213,bid,423,110229.10000000,0.02800000
1762091227.8198416,9058459239213,bid,424,110229.00000000,0.00100000
1762091227.8198416,9058459239213,bid,425,110228.90000000,0.00300000
1762091227.8198416,9058459239213,bid,426,110228.60000000,3.04200000
1762091227.8198416,9058459239213,bid,427,110228.50000000,0.07600000
1762091227.8198416,9058459239213,bid,428,110228.40000000,0.20700000
1762091227.8198416,9058459239213,bid,429,110228.30000000,0.06800000
1762091227.8198416,9058459239213,bid,430,110228.10000000,0.00100000
1762091227.8198416,9058459239213,bid,431,110228.00000000,0.00600000
1762091227.8198416,9058459239213,bid,432,110227.90000000,0.01500000
1762091227.8198416,9058459239213,bid,433,110227.80000000,0.03300000
1762091227.8198416,9058459239213,bid,434,110227.70000000,0.00200000
1762091227.8198416,9058459239213,bid,435,110227.60000000,0.07800000
1762091227.8198416,9058459239213,bid,436,110227.40000000,0.01600000
1762091227.8198416,9058459239213,bid,437,110227.30000000,0.04800000
1762091227.8198416,9058459239213,bid,438,110227.20000000,0.01900000
1762091227.8198416,9058459239213,bid,439,110227.10000000,0.03000000
1762091227.8198416,9058459239213,bid,440,110227.00000000,0.00100000
1762091227.8198416,9058459239213,bid,441,110226.60000000,0.00200000
1762091227.8198416,9058459239213,bid,442,110226.50000000,0.00100000
1762091227.8198416,9058459239213,bid,443,110226.40000000,0.02400000
1762091227.8198416,9058459239213,bid,444,110226.30000000,0.01000000
1762091227.8198416,9058459239213,bid,445,110226.00000000,0.30800000
1762091227.8198416,9058459239213,bid,446,110225.90000000,0.04700000
1762091227.8198416,9058459239213,bid,447,110225.80000000,0.64900000
1762091227.8198416,9058459239213,bid,448,110225.70000000,0.01400000
1762091227.8198416,9058459239213,bid,449,110225.60000000,0.00200000
1762091227.8198416,9058459239213,bid,450,110225.50000000,0.04400000
1762091227.8198416,9058459239213,bid,451,110225.40000000,0.26600000
1762091227.8198416,9058459239213,bid,452,110225.30000000,0.00400000
1762091227.8198416,9058459239213,bid,453,110225.00000000,0.10200000
1762091227.8198416,9058459239213,bid,454,110224.90000000,0.00300000
1762091227.8198416,9058459239213,bid,455,110224.80000000,0.01600000
1762091227.8198416,9058459239213,bid,456,110224.70000000,0.00200000
1762091227.8198416,9058459239213,bid,457,110224.60000000,0.29900000
1762091227.8198416,9058459239213,bid,458,110224.50000000,0.29900000
1762091227.8198416,9058459239213,bid,459,110224.30000000,0.95500000
1762091227.8198416,9058459239213,bid,460,110224.20000000,0.25400000
1762091227.8198416,9058459239213,bid,461,110224.10000000,0.00200000
1762091227.8198416,9058459239213,bid,462,110224.00000000,0.29000000
1762091227.8198416,9058459239213,bid,463,110223.80000000,0.00300000
1762091227.8198416,9058459239213,bid,464,110223.70000000,0.08000000
1762091227.8198416,9058459239213,bid,465,110223.60000000,0.02400000
1762091227.8198416,9058459239213,bid,466,110223.50000000,0.00300000
1762091227.8198416,9058459239213,bid,467,110223.40000000,0.19100000
1762091227.8198416,9058459239213,bid,468,110223.30000000,0.00100000
1762091227.8198416,9058459239213,bid,469,110223.20000000,0.02500000
1762091227.8198416,9058459239213,bid,470,110223.10000000,0.03500000
1762091227.8198416,9058459239213,bid,471,110223.00000000,0.67400000
1762091227.8198416,9058459239213,bid,472,110222.70000000,0.00200000
1762091227.8198416,9058459239213,bid,473,110222.60000000,0.00200000
1762091227.8198416,9058459239213,bid,474,110222.50000000,0.00200000
1762091227.8198416,9058459239213,bid,475,110222.20000000,0.01700000
1762091227.8198416,9058459239213,bid,476,110222.10000000,0.00200000
1762091227.8198416,9058459239213,bid,477,110222.00000000,0.63400000
1762091227.8198416,9058459239213,bid,478,110221.70000000,0.03000000
1762091227.8198416,9058459239213,bid,479,110221.60000000,0.02800000
1762091227.8198416,9058459239213,bid,480,110221.50000000,0.01500000
1762091227.8198416,9058459239213,bid,481,110221.40000000,0.02400000
1762091227.8198416,9058459239213,bid,482,110221.30000000,0.00100000
1762091227.8198416,9058459239213,bid,483,110221.20000000,0.00900000
1762091227.8198416,9058459239213,bid,484,110221.00000000,0.01200000
1762091227.8198416,9058459239213,bid,485,110220.90000000,0.00200000
1762091227.8198416,9058459239213,bid,486,110220.70000000,0.25400000
1762091227.8198416,9058459239213,bid,487,110220.60000000,2.49800000
1762091227.8198416,9058459239213,bid,488,110220.50000000,0.02000000
1762091227.8198416,9058459239213,bid,489,110220.40000000,0.31300000
1762091227.8198416,9058459239213,bid,490,110220.30000000,0.04800000
1762091227.8198416,9058459239213,bid,491,110220.20000000,0.02400000
1762091227.8198416,9058459239213,bid,492,110220.10000000,0.07800000
1762091227.8198416,9058459239213,bid,493,110220.00000000,0.13600000
1762091227.8198416,9058459239213,bid,494,110219.90000000,0.00500000
1762091227.8198416,9058459239213,bid,495,110219.70000000,0.01600000
1762091227.8198416,9058459239213,bid,496,110219.60000000,0.02600000
1762091227.8198416,9058459239213,bid,497,110219.50000000,0.00100000
1762091227.8198416,9058459239213,bid,498,110219.40000000,0.07600000
1762091227.8198416,9058459239213,bid,499,110219.30000000,0.00800000
1762091227.8198416,9058459239213,bid,500,110219.20000000,0.11000000
1762091227.8198416,9058459239213,bid,501,110219.10000000,0.02800000
1762091227.8198416,9058459239213,bid,502,110219.00000000,0.02800000
1762091227.8198416,9058459239213,bid,503,110218.90000000,0.90400000
1762091227.8198416,9058459239213,bid,504,110218.70000000,0.05100000
1762091227.8198416,9058459239213,bid,505,110218.60000000,0.11200000
1762091227.8198416,9058459239213,bid,506,110218.50000000,0.03500000
1762091227.8198416,9058459239213,bid,507,110218.40000000,0.28500000
1762091227.8198416,9058459239213,bid,508,110218.30000000,0.00100000
1762091227.8198416,9058459239213,bid,509,110218.20000000,0.05200000
1762091227.8198416,9058459239213,bid,510,110218.00000000,0.06200000
1762091227.8198416,9058459239213,bid,511,110217.90000000,0.05300000
1762091227.8198416,9058459239213,bid,512,110217.80000000,0.32500000
1762091227.8198416,9058459239213,bid,513,110217.70000000,0.03400000
1762091227.8198416,9058459239213,bid,514,110217.60000000,0.04800000
1762091227.8198416,9058459239213,bid,515,110217.50000000,0.79300000
1762091227.8198416,9058459239213,bid,516,110217.40000000,0.54700000
1762091227.8198416,9058459239213,bid,517,110217.20000000,0.03600000
1762091227.8198416,9058459239213,bid,518,110217.10000000,0.06800000
1762091227.8198416,9058459239213,bid,519,110216.90000000,0.00200000
1762091227.8198416,9058459239213,bid,520,110216.80000000,0.01200000
1762091227.8198416,9058459239213,bid,521,110216.70000000,0.02400000
1762091227.8198416,9058459239213,bid,522,110216.40000000,0.05100000
1762091227.8198416,9058459239213,bid,523,110216.20000000,0.00100000
1762091227.8198416,9058459239213,bid,524,110215.90000000,0.25200000
1762091227.8198416,9058459239213,bid,525,110215.80000000,0.02400000
1762091227.8198416,9058459239213,bid,526,110215.70000000,0.00200000
1762091227.8198416,9058459239213,bid,527,110215.60000000,0.02500000
1762091227.8198416,9058459239213,bid,528,110215.50000000,0.02500000
1762091227.8198416,9058459239213,bid,529,110215.40000000,0.25400000
1762091227.8198416,9058459239213,bid,530,110215.30000000,0.00100000
1762091227.8198416,9058459239213,bid,531,110215.20000000,0.02500000
1762091227.8198416,9058459239213,bid,532,110215.10000000,0.37100000
1762091227.8198416,9058459239213,bid,533,110214.90000000,0.00200000
1762091227.8198416,9058459239213,bid,534,110214.80000000,0.63300000
1762091227.8198416,9058459239213,bid,535,110214.70000000,0.03100000
1762091227.8198416,9058459239213,bid,536,110214.60000000,2.49800000
1762091227.8198416,9058459239213,bid,537,110214.50000000,0.00200000
1762091227.8198416,9058459239213,bid,538,110214.40000000,0.00300000
1762091227.8198416,9058459239213,bid,539,110214.20000000,0.02800000
1762091227.8198416,9058459239213,bid,540,110214.00000000,0.00100000
1762091227.8198416,9058459239213,bid,541,110213.80000000,0.27800000
1762091227.8198416,9058459239213,bid,542,110213.70000000,0.00100000
1762091227.8198416,9058459239213,bid,543,110213.60000000,0.02800000
1762091227.8198416,9058459239213,bid,544,110213.40000000,0.02900000
1762091227.8198416,9058459239213,bid,545,110213.30000000,0.02800000
1762091227.8198416,9058459239213,bid,546,110213.20000000,0.00300000
1762091227.8198416,9058459239213,bid,547,110213.10000000,0.32800000
1762091227.8198416,9058459239213,bid,548,110212.90000000,0.03000000
1762091227.8198416,9058459239213,bid,549,110212.80000000,0.28500000
1762091227.8198416,9058459239213,bid,550,110212.70000000,0.00300000
1762091227.8198416,9058459239213,bid,551,110212.60000000,0.02800000
1762091227.8198416,9058459239213,bid,552,110212.40000000,0.00200000
1762091227.8198416,9058459239213,bid,553,110212.30000000,0.71300000
1762091227.8198416,9058459239213,bid,554,110212.10000000,0.00100000
1762091227.8198416,9058459239213,bid,555,110212.00000000,0.16000000
1762091227.8198416,9058459239213,bid,556,110211.90000000,0.00100000
1762091227.8198416,9058459239213,bid,557,110211.80000000,0.55500000
1762091227.8198416,9058459239213,bid,558,110211.70000000,0.12600000
1762091227.8198416,9058459239213,bid,559,110211.50000000,0.04600000
1762091227.8198416,9058459239213,bid,560,110211.40000000,0.00200000
1762091227.8198416,9058459239213,bid,561,110211.20000000,0.38400000
1762091227.8198416,9058459239213,bid,562,110211.00000000,0.00100000
1762091227.8198416,9058459239213,bid,563,110210.80000000,0.04500000
1762091227.8198416,9058459239213,bid,564,110210.60000000,0.29800000
1762091227.8198416,9058459239213,bid,565,110210.50000000,0.00100000
1762091227.8198416,9058459239213,bid,566,110210.30000000,0.00700000
1762091227.8198416,9058459239213,bid,567,110210.10000000,0.10200000
1762091227.8198416,9058459239213,bid,568,110210.00000000,0.81100000
1762091227.8198416,9058459239213,bid,569,110209.90000000,0.03300000
1762091227.8198416,9058459239213,bid,570,110209.80000000,0.01600000
1762091227.8198416,9058459239213,bid,571,110209.70000000,0.00900000
1762091227.8198416,9058459239213,bid,572,110209.50000000,0.75100000
1762091227.8198416,9058459239213,bid,573,110209.20000000,0.61700000
1762091227.8198416,9058459239213,bid,574,110209.10000000,0.22600000
1762091227.8198416,9058459239213,bid,575,110209.00000000,0.01000000
1762091227.8198416,9058459239213,bid,576,110208.90000000,0.00100000
1762091227.8198416,9058459239213,bid,577,110208.70000000,1.41400000
1762091227.8198416,9058459239213,bid,578,110208.50000000,2.49800000
1762091227.8198416,9058459239213,bid,579,110208.30000000,0.00400000
1762091227.8198416,9058459239213,bid,580,110208.10000000,0.02600000
1762091227.8198416,9058459239213,bid,581,110208.00000000,0.02100000
1762091227.8198416,9058459239213,bid,582,110207.90000000,0.00100000
1762091227.8198416,9058459239213,bid,583,110207.80000000,0.00100000
1762091227.8198416,9058459239213,bid,584,110207.70000000,0.03600000
1762091227.8198416,9058459239213,bid,585,110207.60000000,0.03200000
1762091227.8198416,9058459239213,bid,586,110207.30000000,0.00100000
1762091227.8198416,9058459239213,bid,587,110207.20000000,0.33300000
1762091227.8198416,9058459239213,bid,588,110207.10000000,0.00200000
1762091227.8198416,9058459239213,bid,589,110207.00000000,0.00200000
1762091227.8198416,9058459239213,bid,590,110206.90000000,0.00100000
1762091227.8198416,9058459239213,bid,591,110206.80000000,0.00100000
1762091227.8198416,9058459239213,bid,592,110206.70000000,0.48800000
1762091227.8198416,9058459239213,bid,593,110206.60000000,2.03300000
1762091227.8198416,9058459239213,bid,594,110206.50000000,0.57900000
1762091227.8198416,9058459239213,bid,595,110206.30000000,0.00200000
1762091227.8198416,9058459239213,bid,596,110206.20000000,0.58200000
1762091227.8198416,9058459239213,bid,597,110206.10000000,0.40500000
1762091227.8198416,9058459239213,bid,598,110206.00000000,0.03400000
1762091227.8198416,9058459239213,bid,599,110205.90000000,0.00100000
1762091227.8198416,9058459239213,bid,600,110205.80000000,0.04500000
1762091227.8198416,9058459239213,bid,601,110205.70000000,0.00100000
1762091227.8198416,9058459239213,bid,602,110205.60000000,0.00100000
1762091227.8198416,9058459239213,bid,603,110205.50000000,0.00100000
1762091227.8198416,9058459239213,bid,604,110205.30000000,0.00200000
1762091227.8198416,9058459239213,bid,605,110205.10000000,0.73000000
1762091227.8198416,9058459239213,bid,606,110205.00000000,0.07500000
1762091227.8198416,9058459239213,bid,607,110204.90000000,0.28300000
1762091227.8198416,9058459239213,bid,608,110204.80000000,0.40000000
1762091227.8198416,9058459239213,bid,609,110204.70000000,0.00200000
1762091227.8198416,9058459239213,bid,610,110204.60000000,0.00900000
1762091227.8198416,9058459239213,bid,611,110204.50000000,0.00600000
1762091227.8198416,9058459239213,bid,612,110204.40000000,0.05900000
1762091227.8198416,9058459239213,bid,613,110204.30000000,0.04000000
1762091227.8198416,9058459239213,bid,614,110204.20000000,0.00100000
1762091227.8198416,9058459239213,bid,615,110204.10000000,0.08800000
1762091227.8198416,9058459239213,bid,616,110204.00000000,0.78200000
1762091227.8198416,9058459239213,bid,617,110203.80000000,0.00200000
1762091227.8198416,9058459239213,bid,618,110203.70000000,1.01100000
1762091227.8198416,9058459239213,bid,619,110203.50000000,0.00400000
1762091227.8198416,9058459239213,bid,620,110203.40000000,0.16200000
1762091227.8198416,9058459239213,bid,621,110203.30000000,0.30800000
1762091227.8198416,9058459239213,bid,622,110203.20000000,0.01600000
1762091227.8198416,9058459239213,bid,623,110203.10000000,0.03800000
1762091227.8198416,9058459239213,bid,624,110203.00000000,0.09400000
1762091227.8198416,9058459239213,bid,625,110202.90000000,0.08000000
1762091227.8198416,9058459239213,bid,626,110202.80000000,0.03400000
1762091227.8198416,9058459239213,bid,627,110202.70000000,0.01700000
1762091227.8198416,9058459239213,bid,628,110202.60000000,0.27100000
1762091227.8198416,9058459239213,bid,629,110202.50000000,0.47500000
1762091227.8198416,9058459239213,bid,630,110202.40000000,8.40000000
1762091227.8198416,9058459239213,bid,631,110202.30000000,0.12800000
1762091227.8198416,9058459239213,bid,632,110202.20000000,0.03700000
1762091227.8198416,9058459239213,bid,633,110202.10000000,0.07300000
1762091227.8198416,9058459239213,bid,634,110202.00000000,0.00500000
1762091227.8198416,9058459239213,bid,635,110201.80000000,0.05400000
1762091227.8198416,9058459239213,bid,636,110201.60000000,0.06300000
1762091227.8198416,9058459239213,bid,637,110201.50000000,0.05200000
1762091227.8198416,9058459239213,bid,638,110201.40000000,0.10400000
1762091227.8198416,9058459239213,bid,639,110201.30000000,0.15200000
1762091227.8198416,9058459239213,bid,640,110201.20000000,0.44400000
1762091227.8198416,9058459239213,bid,641,110201.00000000,0.44400000
1762091227.8198416,9058459239213,bid,642,110200.90000000,0.04300000
1762091227.8198416,9058459239213,bid,643,110200.80000000,0.09100000
1762091227.8198416,9058459239213,bid,644,110200.60000000,0.82100000
1762091227.8198416,9058459239213,bid,645,110200.50000000,0.01900000
1762091227.8198416,9058459239213,bid,646,110200.40000000,0.04500000
1762091227.8198416,9058459239213,bid,647,110200.30000000,0.01300000
1762091227.8198416,9058459239213,bid,648,110200.20000000,0.04800000
1762091227.8198416,9058459239213,bid,649,110200.10000000,29.20100000
1762091227.8198416,9058459239213,bid,650,110200.00000000,6.68800000
1762091227.8198416,9058459239213,bid,651,110199.90000000,0.02000000
1762091227.8198416,9058459239213,bid,652,110199.30000000,0.02900000
1762091227.8198416,9058459239213,bid,653,110199.20000000,0.01500000
1762091227.8198416,9058459239213,bid,654,110199.10000000,0.03000000
1762091227.8198416,9058459239213,bid,655,110199.00000000,1.00000000
1762091227.8198416,9058459239213,bid,656,110198.80000000,0.00900000
1762091227.8198416,9058459239213,bid,657,110198.50000000,0.01500000
1762091227.8198416,9058459239213,bid,658,110198.40000000,0.01500000
1762091227.8198416,9058459239213,bid,659,110198.30000000,0.01800000
1762091227.8198416,9058459239213,bid,660,110198.00000000,0.00400000
1762091227.8198416,9058459239213,bid,661,110197.90000000,0.19400000
1762091227.8198416,9058459239213,bid,662,110197.70000000,0.28500000
1762091227.8198416,9058459239213,bid,663,110197.50000000,0.00100000
1762091227.8198416,9058459239213,bid,664,110197.40000000,0.00100000
1762091227.8198416,9058459239213,bid,665,110197.30000000,0.01000000
1762091227.8198416,9058459239213,bid,666,110197.20000000,0.01500000
1762091227.8198416,9058459239213,bid,667,110196.90000000,0.00100000
1762091227.8198416,9058459239213,bid,668,110196.60000000,0.01600000
1762091227.8198416,9058459239213,bid,669,110196.50000000,0.25400000
1762091227.8198416,9058459239213,bid,670,110196.10000000,0.88400000
1762091227.8198416,9058459239213,bid,671,110196.00000000,2.49900000
1762091227.8198416,9058459239213,bid,672,110195.90000000,0.05600000
1762091227.8198416,9058459239213,bid,673,110195.70000000,0.04500000
1762091227.8198416,9058459239213,bid,674,110195.50000000,0.37100000
1762091227.8198416,9058459239213,bid,675,110195.40000000,0.00100000
1762091227.8198416,9058459239213,bid,676,110195.00000000,0.83500000
1762091227.8198416,9058459239213,bid,677,110194.90000000,0.01300000
1762091227.8198416,9058459239213,bid,678,110194.80000000,0.00800000
1762091227.8198416,9058459239213,bid,679,110194.70000000,0.30900000
1762091227.8198416,9058459239213,bid,680,110194.50000000,0.57400000
1762091227.8198416,9058459239213,bid,681,110194.00000000,0.02500000
1762091227.8198416,9058459239213,bid,682,110193.60000000,0.00100000
1762091227.8198416,9058459239213,bid,683,110193.40000000,0.00200000
1762091227.8198416,9058459239213,bid,684,110193.30000000,0.01600000
1762091227.8198416,9058459239213,bid,685,110193.00000000,0.13500000
1762091227.8198416,9058459239213,bid,686,110192.90000000,0.00200000
1762091227.8198416,9058459239213,bid,687,110192.70000000,0.06800000
1762091227.8198416,9058459239213,bid,688,110192.60000000,0.00500000
1762091227.8198416,9058459239213,bid,689,110192.50000000,0.00200000
1762091227.8198416,9058459239213,bid,690,110192.30000000,0.00400000
1762091227.8198416,9058459239213,bid,691,110192.20000000,0.00100000
1762091227.8198416,9058459239213,bid,692,110192.10000000,0.00200000
1762091227.8198416,9058459239213,bid,693,110192.00000000,0.01200000
1762091227.8198416,9058459239213,bid,694,110191.80000000,0.74000000
1762091227.8198416,9058459239213,bid,695,110191.70000000,0.28600000
1762091227.8198416,9058459239213,bid,696,110191.60000000,0.00100000
1762091227.8198416,9058459239213,bid,697,110191.40000000,0.00300000
1762091227.8198416,9058459239213,bid,698,110191.30000000,0.00100000
1762091227.8198416,9058459239213,bid,699,110191.20000000,0.00800000
1762091227.8198416,9058459239213,bid,700,110191.10000000,0.07100000
1762091227.8198416,9058459239213,bid,701,110191.00000000,0.20000000
1762091227.8198416,9058459239213,bid,702,110190.90000000,0.00200000
1762091227.8198416,9058459239213,bid,703,110190.70000000,0.00100000
1762091227.8198416,9058459239213,bid,704,110190.60000000,0.01000000
1762091227.8198416,9058459239213,bid,705,110190.40000000,2.50000000
1762091227.8198416,9058459239213,bid,706,110190.00000000,0.01800000
1762091227.8198416,9058459239213,bid,707,110189.70000000,0.00100000
1762091227.8198416,9058459239213,bid,708,110189.60000000,0.00100000
1762091227.8198416,9058459239213,bid,709,110189.50000000,0.01300000
1762091227.8198416,9058459239213,bid,710,110189.40000000,0.54600000
1762091227.8198416,9058459239213,bid,711,110189.10000000,0.04700000
1762091227.8198416,9058459239213,bid,712,110189.00000000,0.09200000
1762091227.8198416,9058459239213,bid,713,110188.60000000,0.02900000
1762091227.8198416,9058459239213,bid,714,110188.50000000,0.02900000
1762091227.8198416,9058459239213,bid,715,110188.40000000,0.12800000
1762091227.8198416,9058459239213,bid,716,110188.20000000,0.01700000
1762091227.8198416,9058459239213,bid,717,110188.10000000,0.02600000
1762091227.8198416,9058459239213,bid,718,110188.00000000,0.08200000
1762091227.8198416,9058459239213,bid,719,110187.90000000,0.02500000
1762091227.8198416,9058459239213,bid,720,110187.80000000,0.00200000
1762091227.8198416,9058459239213,bid,721,110187.70000000,0.13900000
1762091227.8198416,9058459239213,bid,722,110187.40000000,0.01800000
1762091227.8198416,9058459239213,bid,723,110187.20000000,0.00100000
1762091227.8198416,9058459239213,bid,724,110187.10000000,0.00100000
1762091227.8198416,9058459239213,bid,725,110187.00000000,0.02300000
1762091227.8198416,9058459239213,bid,726,110186.90000000,0.01600000
1762091227.8198416,9058459239213,bid,727,110186.80000000,1.00200000
1762091227.8198416,9058459239213,bid,728,110186.70000000,0.01900000
1762091227.8198416,9058459239213,bid,729,110186.60000000,0.04200000
1762091227.8198416,9058459239213,bid,730,110186.50000000,0.01500000
1762091227.8198416,9058459239213,bid,731,110186.40000000,0.00100000
1762091227.8198416,9058459239213,bid,732,110186.20000000,0.00200000
1762091227.8198416,9058459239213,bid,733,110186.00000000,0.00200000
1762091227.8198416,9058459239213,bid,734,110185.90000000,0.81300000
1762091227.8198416,9058459239213,bid,735,110185.80000000,0.30700000
1762091227.8198416,9058459239213,bid,736,110185.70000000,0.00200000
1762091227.8198416,9058459239213,bid,737,110185.60000000,0.01300000
1762091227.8198416,9058459239213,bid,738,110185.30000000,0.00200000
1762091227.8198416,9058459239213,bid,739,110184.90000000,0.00300000
1762091227.8198416,9058459239213,bid,740,110184.80000000,2.52000000
1762091227.8198416,9058459239213,bid,741,110184.70000000,1.52700000
1762091227.8198416,9058459239213,bid,742,110184.50000000,0.01200000
1762091227.8198416,9058459239213,bid,743,110184.30000000,0.00500000
1762091227.8198416,9058459239213,bid,744,110184.20000000,0.27800000
1762091227.8198416,9058459239213,bid,745,110184.10000000,0.02400000
1762091227.8198416,9058459239213,bid,746,110183.80000000,0.56200000
1762091227.8198416,9058459239213,bid,747,110183.70000000,0.35700000
1762091227.8198416,9058459239213,bid,748,110183.60000000,0.00600000
1762091227.8198416,9058459239213,bid,749,110183.40000000,0.84200000
1762091227.8198416,9058459239213,bid,750,110183.30000000,0.00100000
1762091227.8198416,9058459239213,bid,751,110182.80000000,0.00100000
1762091227.8198416,9058459239213,bid,752,110182.70000000,0.01400000
1762091227.8198416,9058459239213,bid,753,110182.60000000,0.00800000
1762091227.8198416,9058459239213,bid,754,110182.50000000,0.12000000
1762091227.8198416,9058459239213,bid,755,110182.20000000,0.00100000
1762091227.8198416,9058459239213,bid,756,110182.00000000,0.01500000
1762091227.8198416,9058459239213,bid,757,110181.80000000,0.01800000
1762091227.8198416,9058459239213,bid,758,110181.70000000,0.01800000
1762091227.8198416,9058459239213,bid,759,110181.60000000,0.01700000
1762091227.8198416,9058459239213,bid,760,110181.40000000,0.01700000
1762091227.8198416,9058459239213,bid,761,110181.20000000,0.00500000
1762091227.8198416,9058459239213,bid,762,110181.10000000,0.00100000
1762091227.8198416,9058459239213,bid,763,110180.90000000,0.24800000
1762091227.8198416,9058459239213,bid,764,110180.80000000,0.10000000
1762091227.8198416,9058459239213,bid,765,110180.70000000,1.11600000
1762091227.8198416,9058459239213,bid,766,110180.40000000,0.00400000
1762091227.8198416,9058459239213,bid,767,110180.30000000,0.28500000
1762091227.8198416,9058459239213,bid,768,110180.10000000,0.01400000
1762091227.8198416,9058459239213,bid,769,110180.00000000,0.15600000
1762091227.8198416,9058459239213,bid,770,110179.90000000,0.00200000
1762091227.8198416,9058459239213,bid,771,110179.80000000,0.00800000
1762091227.8198416,9058459239213,bid,772,110179.70000000,0.04600000
1762091227.8198416,9058459239213,bid,773,110179.60000000,0.02300000
1762091227.8198416,9058459239213,bid,774,110179.40000000,0.00100000
1762091227.8198416,9058459239213,bid,775,110179.30000000,0.00400000
1762091227.8198416,9058459239213,bid,776,110178.90000000,0.00700000
1762091227.8198416,9058459239213,bid,777,110178.80000000,2.49800000
1762091227.8198416,9058459239213,bid,778,110178.70000000,0.00100000
1762091227.8198416,9058459239213,bid,779,110178.60000000,0.06100000
1762091227.8198416,9058459239213,bid,780,110178.20000000,0.59100000
1762091227.8198416,9058459239213,bid,781,110178.00000000,0.00100000
1762091227.8198416,9058459239213,bid,782,110177.90000000,0.00300000
1762091227.8198416,9058459239213,bid,783,110177.70000000,0.01600000
1762091227.8198416,9058459239213,bid,784,110177.50000000,0.01600000
1762091227.8198416,9058459239213,bid,785,110177.40000000,0.00100000
1762091227.8198416,9058459239213,bid,786,110177.30000000,0.80000000
1762091227.8198416,9058459239213,bid,787,110177.20000000,0.01500000
1762091227.8198416,9058459239213,bid,788,110177.00000000,0.00200000
1762091227.8198416,9058459239213,bid,789,110176.60000000,0.32600000
1762091227.8198416,9058459239213,bid,790,110176.50000000,0.27700000
1762091227.8198416,9058459239213,bid,791,110176.40000000,0.00100000
1762091227.8198416,9058459239213,bid,792,110176.00000000,1.18400000
1762091227.8198416,9058459239213,bid,793,110175.90000000,1.86200000
1762091227.8198416,9058459239213,bid,794,110175.80000000,0.15000000
1762091227.8198416,9058459239213,bid,795,110175.70000000,0.05500000
1762091227.8198416,9058459239213,bid,796,110175.60000000,0.00400000
1762091227.8198416,9058459239213,bid,797,110175.50000000,0.07100000
1762091227.8198416,9058459239213,bid,798,110175.20000000,0.19000000
1762091227.8198416,9058459239213,bid,799,110175.00000000,0.00800000
1762091227.8198416,9058459239213,bid,800,110174.80000000,0.00100000
1762091227.8198416,9058459239213,bid,801,110174.70000000,0.08400000
1762091227.8198416,9058459239213,bid,802,110174.60000000,2.05000000
1762091227.8198416,9058459239213,bid,803,110174.40000000,0.03800000
1762091227.8198416,9058459239213,bid,804,110174.20000000,0.00200000
1762091227.8198416,9058459239213,bid,805,110173.90000000,0.00700000
1762091227.8198416,9058459239213,bid,806,110173.80000000,0.00100000
1762091227.8198416,9058459239213,bid,807,110173.70000000,0.03500000
1762091227.8198416,9058459239213,bid,808,110173.60000000,0.07000000
1762091227.8198416,9058459239213,bid,809,110173.50000000,0.05100000
1762091227.8198416,9058459239213,bid,810,110173.40000000,0.06500000
1762091227.8198416,9058459239213,bid,811,110173.30000000,0.01900000
1762091227.8198416,9058459239213,bid,812,110173.20000000,0.05300000
1762091227.8198416,9058459239213,bid,813,110173.10000000,0.04900000
1762091227.8198416,9058459239213,bid,814,110172.80000000,0.01500000
1762091227.8198416,9058459239213,bid,815,110172.70000000,0.33200000
1762091227.8198416,9058459239213,bid,816,110172.60000000,0.54500000
1762091227.8198416,9058459239213,bid,817,110172.50000000,0.03900000
1762091227.8198416,9058459239213,bid,818,110172.20000000,0.11600000
1762091227.8198416,9058459239213,bid,819,110172.10000000,0.01400000
1762091227.8198416,9058459239213,bid,820,110172.00000000,2.50800000
1762091227.8198416,9058459239213,bid,821,110171.90000000,0.00800000
1762091227.8198416,9058459239213,bid,822,110171.80000000,0.00100000
1762091227.8198416,9058459239213,bid,823,110171.70000000,0.01600000
1762091227.8198416,9058459239213,bid,824,110171.60000000,0.00100000
1762091227.8198416,9058459239213,bid,825,110171.40000000,0.00200000
1762091227.8198416,9058459239213,bid,826,110171.30000000,0.05900000
1762091227.8198416,9058459239213,bid,827,110171.10000000,0.03900000
1762091227.8198416,9058459239213,bid,828,110170.90000000,0.36700000
1762091227.8198416,9058459239213,bid,829,110170.80000000,0.02800000
1762091227.8198416,9058459239213,bid,830,110170.70000000,0.05700000
1762091227.8198416,9058459239213,bid,831,110170.40000000,0.02900000
1762091227.8198416,9058459239213,bid,832,110170.20000000,0.01100000
1762091227.8198416,9058459239213,bid,833,110170.10000000,2.15000000
1762091227.8198416,9058459239213,bid,834,110170.00000000,0.18000000
1762091227.8198416,9058459239213,bid,835,110169.90000000,0.00800000
1762091227.8198416,9058459239213,bid,836,110169.80000000,0.02000000
1762091227.8198416,9058459239213,bid,837,110169.70000000,0.00100000
1762091227.8198416,9058459239213,bid,838,110169.60000000,0.02100000
1762091227.8198416,9058459239213,bid,839,110169.50000000,0.03400000
1762091227.8198416,9058459239213,bid,840,110169.40000000,0.00100000
1762091227.8198416,9058459239213,bid,841,110169.30000000,0.02800000
1762091227.8198416,9058459239213,bid,842,110169.20000000,0.09800000
1762091227.8198416,9058459239213,bid,843,110169.00000000,0.30900000
1762091227.8198416,9058459239213,bid,844,110168.90000000,1.38800000
1762091227.8198416,9058459239213,bid,845,110168.80000000,0.04100000
1762091227.8198416,9058459239213,bid,846,110168.70000000,0.07500000
1762091227.8198416,9058459239213,bid,847,110168.50000000,0.01400000
1762091227.8198416,9058459239213,bid,848,110168.30000000,0.00300000
1762091227.8198416,9058459239213,bid,849,110168.20000000,0.00500000
1762091227.8198416,9058459239213,bid,850,110168.00000000,1.36000000
1762091227.8198416,9058459239213,bid,851,110167.90000000,0.25500000
1762091227.8198416,9058459239213,bid,852,110167.70000000,0.00200000
1762091227.8198416,9058459239213,bid,853,110167.60000000,0.02400000
1762091227.8198416,9058459239213,bid,854,110167.50000000,0.05500000
1762091227.8198416,9058459239213,bid,855,110167.30000000,0.04500000
1762091227.8198416,9058459239213,bid,856,110167.20000000,0.02700000
1762091227.8198416,9058459239213,bid,857,110167.10000000,0.00100000
1762091227.8198416,9058459239213,bid,858,110167.00000000,0.57900000
1762091227.8198416,9058459239213,bid,859,110166.90000000,0.04500000
1762091227.8198416,9058459239213,bid,860,110166.80000000,0.01500000
1762091227.8198416,9058459239213,bid,861,110166.70000000,0.00800000
1762091227.8198416,9058459239213,bid,862,110166.60000000,0.01300000
1762091227.8198416,9058459239213,bid,863,110166.20000000,2.49600000
1762091227.8198416,9058459239213,bid,864,110166.10000000,6.31700000
1762091227.8198416,9058459239213,bid,865,110166.00000000,0.01400000
1762091227.8198416,9058459239213,bid,866,110165.90000000,0.00100000
1762091227.8198416,9058459239213,bid,867,110165.80000000,0.29800000
1762091227.8198416,9058459239213,bid,868,110165.70000000,0.13400000
1762091227.8198416,9058459239213,bid,869,110165.60000000,0.04800000
1762091227.8198416,9058459239213,bid,870,110165.50000000,0.02300000
1762091227.8198416,9058459239213,bid,871,110165.40000000,0.00100000
1762091227.8198416,9058459239213,bid,872,110165.30000000,0.27700000
1762091227.8198416,9058459239213,bid,873,110165.00000000,0.00200000
1762091227.8198416,9058459239213,bid,874,110164.90000000,0.02500000
1762091227.8198416,9058459239213,bid,875,110164.80000000,0.15000000
1762091227.8198416,9058459239213,bid,876,110164.70000000,0.00200000
1762091227.8198416,9058459239213,bid,877,110164.60000000,0.00100000
1762091227.8198416,9058459239213,bid,878,110164.50000000,3.91900000
1762091227.8198416,9058459239213,bid,879,110164.40000000,0.02300000
1762091227.8198416,9058459239213,bid,880,110164.30000000,0.09000000
1762091227.8198416,9058459239213,bid,881,110164.10000000,2.17900000
1762091227.8198416,9058459239213,bid,882,110164.00000000,0.42200000
1762091227.8198416,9058459239213,bid,883,110163.80000000,0.02500000
1762091227.8198416,9058459239213,bid,884,110163.50000000,0.00100000
1762091227.8198416,9058459239213,bid,885,110163.40000000,0.00100000
1762091227.8198416,9058459239213,bid,886,110163.10000000,0.05500000
1762091227.8198416,9058459239213,bid,887,110163.00000000,0.01000000
1762091227.8198416,9058459239213,bid,888,110162.80000000,0.04700000
1762091227.8198416,9058459239213,bid,889,110162.70000000,0.01700000
1762091227.8198416,9058459239213,bid,890,110162.60000000,0.00500000
1762091227.8198416,9058459239213,bid,891,110162.50000000,0.09100000
1762091227.8198416,9058459239213,bid,892,110162.40000000,0.08600000
1762091227.8198416,9058459239213,bid,893,110162.30000000,0.00100000
1762091227.8198416,9058459239213,bid,894,110162.20000000,22.89200000
1762091227.8198416,9058459239213,bid,895,110162.10000000,0.04500000
1762091227.8198416,9058459239213,bid,896,110161.90000000,0.04800000
1762091227.8198416,9058459239213,bid,897,110161.70000000,0.31000000
1762091227.8198416,9058459239213,bid,898,110161.40000000,0.54400000
1762091227.8198416,9058459239213,bid,899,110161.30000000,0.02300000
1762091227.8198416,9058459239213,bid,900,110161.00000000,0.00500000
1762091227.8198416,9058459239213,bid,901,110160.90000000,0.00100000
1762091227.8198416,9058459239213,bid,902,110160.80000000,0.01900000
1762091227.8198416,9058459239213,bid,903,110160.70000000,0.00200000
1762091227.8198416,9058459239213,bid,904,110160.40000000,0.02300000
1762091227.8198416,9058459239213,bid,905,110160.30000000,0.01600000
1762091227.8198416,9058459239213,bid,906,110160.10000000,0.02400000
1762091227.8198416,9058459239213,bid,907,110160.00000000,0.04800000
1762091227.8198416,9058459239213,bid,908,110159.80000000,0.09700000
1762091227.8198416,9058459239213,bid,909,110159.70000000,0.10800000
1762091227.8198416,9058459239213,bid,910,110159.60000000,0.00100000
1762091227.8198416,9058459239213,bid,911,110159.40000000,0.33600000
1762091227.8198416,9058459239213,bid,912,110159.30000000,0.04500000
1762091227.8198416,9058459239213,bid,913,110159.20000000,0.02300000
1762091227.8198416,9058459239213,bid,914,110159.10000000,0.03700000
1762091227.8198416,9058459239213,bid,915,110159.00000000,0.02800000
1762091227.8198416,9058459239213,bid,916,110158.90000000,0.10600000
1762091227.8198416,9058459239213,bid,917,110158.80000000,0.00200000
1762091227.8198416,9058459239213,bid,918,110158.70000000,1.94700000
1762091227.8198416,9058459239213,bid,919,110158.60000000,2.65200000
1762091227.8198416,9058459239213,bid,920,110158.50000000,0.06800000
1762091227.8198416,9058459239213,bid,921,110158.40000000,0.05600000
1762091227.8198416,9058459239213,bid,922,110158.30000000,0.00300000
1762091227.8198416,9058459239213,bid,923,110158.20000000,0.05700000
1762091227.8198416,9058459239213,bid,924,110158.10000000,0.02800000
1762091227.8198416,9058459239213,bid,925,110158.00000000,0.05400000
1762091227.8198416,9058459239213,bid,926,110157.90000000,0.02400000
1762091227.8198416,9058459239213,bid,927,110157.80000000,3.08900000
1762091227.8198416,9058459239213,bid,928,110157.70000000,0.04800000
1762091227.8198416,9058459239213,bid,929,110157.50000000,0.95600000
1762091227.8198416,9058459239213,bid,930,110157.40000000,0.00800000
1762091227.8198416,9058459239213,bid,931,110157.30000000,0.02400000
1762091227.8198416,9058459239213,bid,932,110157.20000000,0.04800000
1762091227.8198416,9058459239213,bid,933,110157.10000000,0.01400000
1762091227.8198416,9058459239213,bid,934,110157.00000000,0.02400000
1762091227.8198416,9058459239213,bid,935,110156.90000000,1.47000000
1762091227.8198416,9058459239213,bid,936,110156.80000000,0.25200000
1762091227.8198416,9058459239213,bid,937,110156.60000000,0.01300000
1762091227.8198416,9058459239213,bid,938,110156.50000000,0.02300000
1762091227.8198416,9058459239213,bid,939,110156.30000000,0.15700000
1762091227.8198416,9058459239213,bid,940,110156.20000000,0.02900000
1762091227.8198416,9058459239213,bid,941,110156.00000000,0.00900000
1762091227.8198416,9058459239213,bid,942,110155.80000000,0.55200000
1762091227.8198416,9058459239213,bid,943,110155.50000000,0.03800000
1762091227.8198416,9058459239213,bid,944,110155.40000000,0.00800000
1762091227.8198416,9058459239213,bid,945,110155.30000000,0.02700000
1762091227.8198416,9058459239213,bid,946,110155.20000000,0.00800000
1762091227.8198416,9058459239213,bid,947,110155.10000000,2.70000000
1762091227.8198416,9058459239213,bid,948,110155.00000000,0.53900000
1762091227.8198416,9058459239213,bid,949,110154.90000000,0.30300000
1762091227.8198416,9058459239213,bid,950,110154.80000000,0.05100000
1762091227.8198416,9058459239213,bid,951,110154.70000000,0.35100000
1762091227.8198416,9058459239213,bid,952,110154.60000000,0.30000000
1762091227.8198416,9058459239213,bid,953,110154.40000000,0.08000000
1762091227.8198416,9058459239213,bid,954,110154.30000000,0.32100000
1762091227.8198416,9058459239213,bid,955,110154.20000000,0.02800000
1762091227.8198416,9058459239213,bid,956,110154.10000000,0.02800000
1762091227.8198416,9058459239213,bid,957,110154.00000000,3.42700000
1762091227.8198416,9058459239213,bid,958,110153.90000000,0.05100000
1762091227.8198416,9058459239213,bid,959,110153.80000000,0.07000000
1762091227.8198416,9058459239213,bid,960,110153.70000000,0.00100000
1762091227.8198416,9058459239213,bid,961,110153.50000000,0.02400000
1762091227.8198416,9058459239213,bid,962,110153.40000000,0.00200000
1762091227.8198416,9058459239213,bid,963,110153.30000000,0.19000000
1762091227.8198416,9058459239213,bid,964,110153.20000000,0.04800000
1762091227.8198416,9058459239213,bid,965,110153.10000000,0.09700000
1762091227.8198416,9058459239213,bid,966,110153.00000000,0.41900000
1762091227.8198416,9058459239213,bid,967,110152.80000000,0.04800000
1762091227.8198416,9058459239213,bid,968,110152.50000000,0.03900000
1762091227.8198416,9058459239213,bid,969,110152.00000000,0.04800000
1762091227.8198416,9058459239213,bid,970,110151.90000000,0.02300000
1762091227.8198416,9058459239213,bid,971,110151.80000000,0.07000000
1762091227.8198416,9058459239213,bid,972,110151.70000000,0.00100000
1762091227.8198416,9058459239213,bid,973,110151.60000000,3.35000000
1762091227.8198416,9058459239213,bid,974,110151.50000000,0.02400000
1762091227.8198416,9058459239213,bid,975,110151.40000000,0.00200000
1762091227.8198416,9058459239213,bid,976,110151.30000000,0.07600000
1762091227.8198416,9058459239213,bid,977,110151.20000000,0.27800000
1762091227.8198416,9058459239213,bid,978,110151.10000000,0.02300000
1762091227.8198416,9058459239213,bid,979,110151.00000000,2.20600000
1762091227.8198416,9058459239213,bid,980,110150.90000000,0.02300000
1762091227.8198416,9058459239213,bid,981,110150.80000000,0.00100000
1762091227.8198416,9058459239213,bid,982,110150.70000000,0.04600000
1762091227.8198416,9058459239213,bid,983,110150.50000000,0.00200000
1762091227.8198416,9058459239213,bid,984,110150.40000000,1.14600000
1762091227.8198416,9058459239213,bid,985,110150.30000000,0.09300000
1762091227.8198416,9058459239213,bid,986,110150.20000000,0.54400000
1762091227.8198416,9058459239213,bid,987,110150.10000000,8.90100000
1762091227.8198416,9058459239213,bid,988,110150.00000000,1.07200000
1762091227.8198416,9058459239213,bid,989,110149.90000000,0.02300000
1762091227.8198416,9058459239213,bid,990,110149.80000000,0.00700000
1762091227.8198416,9058459239213,bid,991,110149.70000000,0.53100000
1762091227.8198416,9058459239213,bid,992,110149.60000000,0.02600000
1762091227.8198416,9058459239213,bid,993,110149.30000000,0.02700000
1762091227.8198416,9058459239213,bid,994,110149.20000000,0.04800000
1762091227.8198416,9058459239213,bid,995,110149.10000000,0.04000000
1762091227.8198416,9058459239213,bid,996,110149.00000000,0.28400000
1762091227.8198416,9058459239213,bid,997,110148.80000000,0.37200000
1762091227.8198416,9058459239213,bid,998,110148.60000000,0.02400000
1762091227.8198416,9058459239213,bid,999,110148.40000000,0.02400000
1762091227.8198416,9058459239213,bid,1000,110148.30000000,0.04600000
1762091227.8198416,9058459239213,ask,1,110289.30000000,7.11400000
1762091227.8198416,9058459239213,ask,2,110289.40000000,0.00200000
1762091227.8198416,9058459239213,ask,3,110289.60000000,0.00100000
1762091227.8198416,9058459239213,ask,4,110289.80000000,0.00200000
1762091227.8198416,9058459239213,ask,5,110290.00000000,0.00500000
1762091227.8198416,9058459239213,ask,6,110290.30000000,0.00100000
1762091227.8198416,9058459239213,ask,7,110290.40000000,0.02700000
1762091227.8198416,9058459239213,ask,8,110290.60000000,0.00200000
1762091227.8198416,9058459239213,ask,9,110290.80000000,0.00100000
1762091227.8198416,9058459239213,ask,10,110291.40000000,0.00200000
1762091227.8198416,9058459239213,ask,11,110291.50000000,0.00400000
1762091227.8198416,9058459239213,ask,12,110291.60000000,0.00200000
1762091227.8198416,9058459239213,ask,13,110292.00000000,0.00100000
1762091227.8198416,9058459239213,ask,14,110292.10000000,0.00500000
1762091227.8198416,9058459239213,ask,15,110292.30000000,0.00100000
1762091227.8198416,9058459239213,ask,16,110292.50000000,0.00200000
1762091227.8198416,9058459239213,ask,17,110292.60000000,0.00100000
1762091227.8198416,9058459239213,ask,18,110292.90000000,0.00200000
1762091227.8198416,9058459239213,ask,19,110293.20000000,0.00200000
1762091227.8198416,9058459239213,ask,20,110293.40000000,0.00100000
1762091227.8198416,9058459239213,ask,21,110293.60000000,0.00200000
1762091227.8198416,9058459239213,ask,22,110293.70000000,0.00200000
1762091227.8198416,9058459239213,ask,23,110293.80000000,0.00100000
1762091227.8198416,9058459239213,ask,24,110294.10000000,0.00200000
1762091227.8198416,9058459239213,ask,25,110294.20000000,0.00100000
1762091227.8198416,9058459239213,ask,26,110294.40000000,0.00200000
1762091227.8198416,9058459239213,ask,27,110294.50000000,0.00100000
1762091227.8198416,9058459239213,ask,28,110294.60000000,0.00300000
1762091227.8198416,9058459239213,ask,29,110294.70000000,0.00200000
1762091227.8198416,9058459239213,ask,30,110294.80000000,0.00300000
1762091227.8198416,9058459239213,ask,31,110294.90000000,0.00600000
1762091227.8198416,9058459239213,ask,32,110295.00000000,0.05000000
1762091227.8198416,9058459239213,ask,33,110295.10000000,0.03000000
1762091227.8198416,9058459239213,ask,34,110295.20000000,0.12800000
1762091227.8198416,9058459239213,ask,35,110295.30000000,0.00300000
1762091227.8198416,9058459239213,ask,36,110295.70000000,0.00200000
1762091227.8198416,9058459239213,ask,37,110295.80000000,0.00300000
1762091227.8198416,9058459239213,ask,38,110295.90000000,0.00200000
1762091227.8198416,9058459239213,ask,39,110296.00000000,0.00300000
1762091227.8198416,9058459239213,ask,40,110296.10000000,0.00100000
1762091227.8198416,9058459239213,ask,41,110296.20000000,0.00100000
1762091227.8198416,9058459239213,ask,42,110296.40000000,0.00400000
1762091227.8198416,9058459239213,ask,43,110296.50000000,0.00200000
1762091227.8198416,9058459239213,ask,44,110296.60000000,0.00100000
1762091227.8198416,9058459239213,ask,45,110297.00000000,0.00300000
1762091227.8198416,9058459239213,ask,46,110297.10000000,0.00300000
1762091227.8198416,9058459239213,ask,47,110297.20000000,0.00300000
1762091227.8198416,9058459239213,ask,48,110297.40000000,0.01200000
1762091227.8198416,9058459239213,ask,49,110297.60000000,0.00200000
1762091227.8198416,9058459239213,ask,50,110297.70000000,0.00200000
1762091227.8198416,9058459239213,ask,51,110297.80000000,0.00300000
1762091227.8198416,9058459239213,ask,52,110298.10000000,0.00100000
1762091227.8198416,9058459239213,ask,53,110298.20000000,0.00100000
1762091227.8198416,9058459239213,ask,54,110298.30000000,0.04800000
1762091227.8198416,9058459239213,ask,55,110298.70000000,0.00100000
1762091227.8198416,9058459239213,ask,56,110298.80000000,0.00200000
1762091227.8198416,9058459239213,ask,57,110298.90000000,0.18600000
1762091227.8198416,9058459239213,ask,58,110299.20000000,0.34400000
1762091227.8198416,9058459239213,ask,59,110299.30000000,0.08600000
1762091227.8198416,9058459239213,ask,60,110299.40000000,0.00200000
1762091227.8198416,9058459239213,ask,61,110299.70000000,0.01000000
1762091227.8198416,9058459239213,ask,62,110299.90000000,0.24800000
1762091227.8198416,9058459239213,ask,63,110300.00000000,0.10300000
1762091227.8198416,9058459239213,ask,64,110300.30000000,0.00300000
1762091227.8198416,9058459239213,ask,65,110300.40000000,0.00200000
1762091227.8198416,9058459239213,ask,66,110300.50000000,0.00400000
1762091227.8198416,9058459239213,ask,67,110300.80000000,0.01500000
1762091227.8198416,9058459239213,ask,68,110300.90000000,0.00100000
1762091227.8198416,9058459239213,ask,69,110301.00000000,0.00200000
1762091227.8198416,9058459239213,ask,70,110301.10000000,0.01500000
1762091227.8198416,9058459239213,ask,71,110301.20000000,0.00400000
1762091227.8198416,9058459239213,ask,72,110301.40000000,0.00300000
1762091227.8198416,9058459239213,ask,73,110301.50000000,0.00100000
1762091227.8198416,9058459239213,ask,74,110301.70000000,0.04300000
1762091227.8198416,9058459239213,ask,75,110301.80000000,0.00200000
1762091227.8198416,9058459239213,ask,76,110301.90000000,0.00300000
1762091227.8198416,9058459239213,ask,77,110302.00000000,0.10000000
1762091227.8198416,9058459239213,ask,78,110302.10000000,0.00100000
1762091227.8198416,9058459239213,ask,79,110302.40000000,0.00200000
1762091227.8198416,9058459239213,ask,80,110302.50000000,0.05000000
1762091227.8198416,9058459239213,ask,81,110302.80000000,0.18400000
1762091227.8198416,9058459239213,ask,82,110302.90000000,0.62300000
1762091227.8198416,9058459239213,ask,83,110303.00000000,0.12800000
1762091227.8198416,9058459239213,ask,84,110303.10000000,0.18300000
1762091227.8198416,9058459239213,ask,85,110303.40000000,1.18900000
1762091227.8198416,9058459239213,ask,86,110303.50000000,0.00500000
1762091227.8198416,9058459239213,ask,87,110303.60000000,0.04500000
1762091227.8198416,9058459239213,ask,88,110303.70000000,0.14600000
1762091227.8198416,9058459239213,ask,89,110303.80000000,0.04600000
1762091227.8198416,9058459239213,ask,90,110303.90000000,0.18700000
1762091227.8198416,9058459239213,ask,91,110304.00000000,0.58900000
1762091227.8198416,9058459239213,ask,92,110304.10000000,0.00200000
1762091227.8198416,9058459239213,ask,93,110304.30000000,0.00100000
1762091227.8198416,9058459239213,ask,94,110304.40000000,0.00200000
1762091227.8198416,9058459239213,ask,95,110304.50000000,0.00100000
1762091227.8198416,9058459239213,ask,96,110304.70000000,0.34000000
1762091227.8198416,9058459239213,ask,97,110304.80000000,0.00800000
1762091227.8198416,9058459239213,ask,98,110304.90000000,0.02500000
1762091227.8198416,9058459239213,ask,99,110305.00000000,0.00200000
1762091227.8198416,9058459239213,ask,100,110305.10000000,0.81100000
1762091227.8198416,9058459239213,ask,101,110305.20000000,0.77000000
1762091227.8198416,9058459239213,ask,102,110305.40000000,0.00600000
1762091227.8198416,9058459239213,ask,103,110305.60000000,0.34400000
1762091227.8198416,9058459239213,ask,104,110305.70000000,0.00200000
1762091227.8198416,9058459239213,ask,105,110305.80000000,0.04200000
1762091227.8198416,9058459239213,ask,106,110306.10000000,0.00100000
1762091227.8198416,9058459239213,ask,107,110306.20000000,0.00300000
1762091227.8198416,9058459239213,ask,108,110306.30000000,0.00400000
1762091227.8198416,9058459239213,ask,109,110306.70000000,1.48300000
1762091227.8198416,9058459239213,ask,110,110306.80000000,0.23600000
1762091227.8198416,9058459239213,ask,111,110307.00000000,2.49800000
1762091227.8198416,9058459239213,ask,112,110307.10000000,0.00800000
1762091227.8198416,9058459239213,ask,113,110307.20000000,0.00100000
1762091227.8198416,9058459239213,ask,114,110307.30000000,0.00500000
1762091227.8198416,9058459239213,ask,115,110307.40000000,0.00300000
1762091227.8198416,9058459239213,ask,116,110307.80000000,0.00200000
1762091227.8198416,9058459239213,ask,117,110307.90000000,0.25700000
1762091227.8198416,9058459239213,ask,118,110308.00000000,0.68400000
1762091227.8198416,9058459239213,ask,119,110308.10000000,0.04700000
1762091227.8198416,9058459239213,ask,120,110308.20000000,0.02000000
1762091227.8198416,9058459239213,ask,121,110308.30000000,0.03200000
1762091227.8198416,9058459239213,ask,122,110308.40000000,0.00300000
1762091227.8198416,9058459239213,ask,123,110308.50000000,0.00200000
1762091227.8198416,9058459239213,ask,124,110308.60000000,0.00100000
1762091227.8198416,9058459239213,ask,125,110308.70000000,0.00100000
1762091227.8198416,9058459239213,ask,126,110308.80000000,0.03400000
1762091227.8198416,9058459239213,ask,127,110309.10000000,0.00300000
1762091227.8198416,9058459239213,ask,128,110309.20000000,0.27600000
1762091227.8198416,9058459239213,ask,129,110309.40000000,0.00200000
1762091227.8198416,9058459239213,ask,130,110309.60000000,0.00100000
1762091227.8198416,9058459239213,ask,131,110309.70000000,0.00200000
1762091227.8198416,9058459239213,ask,132,110309.80000000,0.00200000
1762091227.8198416,9058459239213,ask,133,110309.90000000,0.00100000
1762091227.8198416,9058459239213,ask,134,110310.00000000,0.09400000
1762091227.8198416,9058459239213,ask,135,110310.10000000,0.77300000
1762091227.8198416,9058459239213,ask,136,110310.20000000,0.00100000
1762091227.8198416,9058459239213,ask,137,110310.30000000,0.07600000
1762091227.8198416,9058459239213,ask,138,110310.40000000,0.00800000
1762091227.8198416,9058459239213,ask,139,110310.70000000,1.01800000
1762091227.8198416,9058459239213,ask,140,110310.90000000,0.19100000
1762091227.8198416,9058459239213,ask,141,110311.00000000,0.34000000
1762091227.8198416,9058459239213,ask,142,110311.10000000,0.05200000
1762091227.8198416,9058459239213,ask,143,110311.20000000,0.00300000
1762091227.8198416,9058459239213,ask,144,110311.30000000,0.38900000
1762091227.8198416,9058459239213,ask,145,110311.40000000,0.00400000
1762091227.8198416,9058459239213,ask,146,110311.50000000,0.00200000
1762091227.8198416,9058459239213,ask,147,110311.80000000,0.30400000
1762091227.8198416,9058459239213,ask,148,110311.90000000,0.00300000
1762091227.8198416,9058459239213,ask,149,110312.00000000,0.00100000
1762091227.8198416,9058459239213,ask,150,110312.10000000,0.00200000
1762091227.8198416,9058459239213,ask,151,110312.20000000,0.17900000
1762091227.8198416,9058459239213,ask,152,110312.30000000,0.06000000
1762091227.8198416,9058459239213,ask,153,110312.40000000,0.00200000
1762091227.8198416,9058459239213,ask,154,110312.70000000,0.00400000
1762091227.8198416,9058459239213,ask,155,110312.80000000,0.00200000
1762091227.8198416,9058459239213,ask,156,110312.90000000,0.00400000
1762091227.8198416,9058459239213,ask,157,110313.00000000,0.08500000
1762091227.8198416,9058459239213,ask,158,110313.20000000,0.00600000
1762091227.8198416,9058459239213,ask,159,110313.30000000,0.01400000
1762091227.8198416,9058459239213,ask,160,110313.40000000,0.01200000
1762091227.8198416,9058459239213,ask,161,110313.50000000,0.19000000
1762091227.8198416,9058459239213,ask,162,110313.60000000,0.16300000
1762091227.8198416,9058459239213,ask,163,110313.70000000,0.15800000
1762091227.8198416,9058459239213,ask,164,110313.80000000,0.16300000
1762091227.8198416,9058459239213,ask,165,110313.90000000,1.13800000
1762091227.8198416,9058459239213,ask,166,110314.00000000,0.00200000
1762091227.8198416,9058459239213,ask,167,110314.10000000,0.04700000
1762091227.8198416,9058459239213,ask,168,110314.20000000,0.00200000
1762091227.8198416,9058459239213,ask,169,110314.40000000,2.50700000
1762091227.8198416,9058459239213,ask,170,110314.50000000,0.00400000
1762091227.8198416,9058459239213,ask,171,110314.60000000,0.01800000
1762091227.8198416,9058459239213,ask,172,110314.70000000,0.68000000
1762091227.8198416,9058459239213,ask,173,110314.80000000,0.27800000
1762091227.8198416,9058459239213,ask,174,110314.90000000,0.05500000
1762091227.8198416,9058459239213,ask,175,110315.00000000,0.00800000
1762091227.8198416,9058459239213,ask,176,110315.10000000,0.34100000
1762091227.8198416,9058459239213,ask,177,110315.20000000,0.00200000
1762091227.8198416,9058459239213,ask,178,110315.30000000,0.00200000
1762091227.8198416,9058459239213,ask,179,110315.50000000,0.28100000
1762091227.8198416,9058459239213,ask,180,110315.60000000,0.01300000
1762091227.8198416,9058459239213,ask,181,110315.70000000,0.30100000
1762091227.8198416,9058459239213,ask,182,110315.80000000,0.40100000
1762091227.8198416,9058459239213,ask,183,110315.90000000,0.02600000
1762091227.8198416,9058459239213,ask,184,110316.00000000,0.06600000
1762091227.8198416,9058459239213,ask,185,110316.10000000,0.00200000
1762091227.8198416,9058459239213,ask,186,110316.30000000,0.01500000
1762091227.8198416,9058459239213,ask,187,110316.40000000,0.00100000
1762091227.8198416,9058459239213,ask,188,110316.50000000,0.00700000
1762091227.8198416,9058459239213,ask,189,110316.60000000,0.00100000
1762091227.8198416,9058459239213,ask,190,110316.70000000,0.00100000
1762091227.8198416,9058459239213,ask,191,110316.80000000,0.00200000
1762091227.8198416,9058459239213,ask,192,110316.90000000,0.00800000
1762091227.8198416,9058459239213,ask,193,110317.00000000,0.42100000
1762091227.8198416,9058459239213,ask,194,110317.10000000,0.04600000
1762091227.8198416,9058459239213,ask,195,110317.20000000,0.00100000
1762091227.8198416,9058459239213,ask,196,110317.30000000,0.00300000
1762091227.8198416,9058459239213,ask,197,110317.40000000,0.00500000
1762091227.8198416,9058459239213,ask,198,110317.50000000,0.04700000
1762091227.8198416,9058459239213,ask,199,110317.60000000,0.81100000
1762091227.8198416,9058459239213,ask,200,110317.70000000,0.00200000
1762091227.8198416,9058459239213,ask,201,110317.90000000,0.06800000
1762091227.8198416,9058459239213,ask,202,110318.00000000,0.02800000
1762091227.8198416,9058459239213,ask,203,110318.10000000,0.04700000
1762091227.8198416,9058459239213,ask,204,110318.20000000,0.36900000
1762091227.8198416,9058459239213,ask,205,110318.30000000,0.02800000
1762091227.8198416,9058459239213,ask,206,110318.40000000,0.00500000
1762091227.8198416,9058459239213,ask,207,110318.60000000,0.00500000
1762091227.8198416,9058459239213,ask,208,110318.70000000,0.01800000
1762091227.8198416,9058459239213,ask,209,110318.80000000,0.27100000
1762091227.8198416,9058459239213,ask,210,110318.90000000,0.00200000
1762091227.8198416,9058459239213,ask,211,110319.00000000,0.06600000
1762091227.8198416,9058459239213,ask,212,110319.10000000,0.48000000
1762091227.8198416,9058459239213,ask,213,110319.30000000,0.27800000
1762091227.8198416,9058459239213,ask,214,110319.40000000,0.25600000
1762091227.8198416,9058459239213,ask,215,110319.50000000,0.18400000
1762091227.8198416,9058459239213,ask,216,110319.60000000,0.56400000
1762091227.8198416,9058459239213,ask,217,110319.70000000,0.02900000
1762091227.8198416,9058459239213,ask,218,110319.80000000,0.00200000
1762091227.8198416,9058459239213,ask,219,110319.90000000,0.91500000
1762091227.8198416,9058459239213,ask,220,110320.00000000,2.50600000
1762091227.8198416,9058459239213,ask,221,110320.10000000,0.04600000
1762091227.8198416,9058459239213,ask,222,110320.20000000,0.01500000
1762091227.8198416,9058459239213,ask,223,110320.30000000,0.27200000
1762091227.8198416,9058459239213,ask,224,110320.40000000,0.27800000
1762091227.8198416,9058459239213,ask,225,110320.50000000,0.34200000
1762091227.8198416,9058459239213,ask,226,110320.60000000,0.00300000
1762091227.8198416,9058459239213,ask,227,110320.70000000,0.00300000
1762091227.8198416,9058459239213,ask,228,110320.80000000,0.02800000
1762091227.8198416,9058459239213,ask,229,110320.90000000,0.29100000
1762091227.8198416,9058459239213,ask,230,110321.00000000,0.00100000
1762091227.8198416,9058459239213,ask,231,110321.10000000,0.00400000
1762091227.8198416,9058459239213,ask,232,110321.20000000,0.00300000
1762091227.8198416,9058459239213,ask,233,110321.30000000,0.28800000
1762091227.8198416,9058459239213,ask,234,110321.40000000,0.04000000
1762091227.8198416,9058459239213,ask,235,110321.60000000,0.05700000
1762091227.8198416,9058459239213,ask,236,110321.70000000,0.00600000
1762091227.8198416,9058459239213,ask,237,110321.80000000,0.00300000
1762091227.8198416,9058459239213,ask,238,110321.90000000,0.00600000
1762091227.8198416,9058459239213,ask,239,110322.00000000,0.00300000
1762091227.8198416,9058459239213,ask,240,110322.10000000,0.21600000
1762091227.8198416,9058459239213,ask,241,110322.20000000,0.00200000
1762091227.8198416,9058459239213,ask,242,110322.30000000,0.00100000
1762091227.8198416,9058459239213,ask,243,110322.40000000,0.00200000
1762091227.8198416,9058459239213,ask,244,110322.60000000,0.04700000
1762091227.8198416,9058459239213,ask,245,110322.70000000,0.73500000
1762091227.8198416,9058459239213,ask,246,110322.80000000,0.30500000
1762091227.8198416,9058459239213,ask,247,110322.90000000,0.02400000
1762091227.8198416,9058459239213,ask,248,110323.00000000,0.04900000
1762091227.8198416,9058459239213,ask,249,110323.10000000,0.01500000
1762091227.8198416,9058459239213,ask,250,110323.20000000,0.03600000
1762091227.8198416,9058459239213,ask,251,110323.30000000,0.35600000
1762091227.8198416,9058459239213,ask,252,110323.40000000,0.01700000
1762091227.8198416,9058459239213,ask,253,110323.60000000,0.00400000
1762091227.8198416,9058459239213,ask,254,110324.10000000,0.00100000
1762091227.8198416,9058459239213,ask,255,110324.30000000,0.00300000
1762091227.8198416,9058459239213,ask,256,110324.50000000,0.00200000
1762091227.8198416,9058459239213,ask,257,110324.70000000,0.00800000
1762091227.8198416,9058459239213,ask,258,110324.80000000,0.00600000
1762091227.8198416,9058459239213,ask,259,110324.90000000,0.00400000
1762091227.8198416,9058459239213,ask,260,110325.00000000,0.30900000
1762091227.8198416,9058459239213,ask,261,110325.10000000,1.29400000
1762091227.8198416,9058459239213,ask,262,110325.20000000,0.56400000
1762091227.8198416,9058459239213,ask,263,110325.40000000,0.04400000
1762091227.8198416,9058459239213,ask,264,110325.50000000,0.00200000
1762091227.8198416,9058459239213,ask,265,110325.60000000,0.00100000
1762091227.8198416,9058459239213,ask,266,110325.70000000,0.00100000
1762091227.8198416,9058459239213,ask,267,110325.90000000,0.08100000
1762091227.8198416,9058459239213,ask,268,110326.10000000,0.00400000
1762091227.8198416,9058459239213,ask,269,110326.30000000,0.00200000
1762091227.8198416,9058459239213,ask,270,110326.40000000,0.00100000
1762091227.8198416,9058459239213,ask,271,110326.50000000,0.04600000
1762091227.8198416,9058459239213,ask,272,110326.60000000,0.00200000
1762091227.8198416,9058459239213,ask,273,110326.90000000,0.69700000
1762091227.8198416,9058459239213,ask,274,110327.00000000,0.00400000
1762091227.8198416,9058459239213,ask,275,110327.20000000,0.01700000
1762091227.8198416,9058459239213,ask,276,110327.30000000,0.00100000
1762091227.8198416,9058459239213,ask,277,110327.60000000,0.01500000
1762091227.8198416,9058459239213,ask,278,110327.70000000,0.25600000
1762091227.8198416,9058459239213,ask,279,110327.80000000,0.75300000
1762091227.8198416,9058459239213,ask,280,110328.10000000,0.00400000
1762091227.8198416,9058459239213,ask,281,110328.20000000,2.49800000
1762091227.8198416,9058459239213,ask,282,110328.40000000,0.01500000
1762091227.8198416,9058459239213,ask,283,110328.50000000,0.00400000
1762091227.8198416,9058459239213,ask,284,110328.80000000,0.01200000
1762091227.8198416,9058459239213,ask,285,110328.90000000,0.00100000
1762091227.8198416,9058459239213,ask,286,110329.00000000,0.06800000
1762091227.8198416,9058459239213,ask,287,110329.10000000,1.05100000
1762091227.8198416,9058459239213,ask,288,110329.20000000,0.00500000
1762091227.8198416,9058459239213,ask,289,110329.40000000,0.00200000
1762091227.8198416,9058459239213,ask,290,110329.70000000,0.00100000
1762091227.8198416,9058459239213,ask,291,110330.00000000,0.10900000
1762091227.8198416,9058459239213,ask,292,110330.10000000,0.00200000
1762091227.8198416,9058459239213,ask,293,110330.20000000,0.00100000
1762091227.8198416,9058459239213,ask,294,110330.60000000,1.61000000
1762091227.8198416,9058459239213,ask,295,110330.80000000,0.00100000
1762091227.8198416,9058459239213,ask,296,110330.90000000,0.00200000
1762091227.8198416,9058459239213,ask,297,110331.00000000,0.00500000
1762091227.8198416,9058459239213,ask,298,110331.10000000,0.30600000
1762091227.8198416,9058459239213,ask,299,110331.20000000,0.09800000
1762091227.8198416,9058459239213,ask,300,110331.30000000,0.38200000
1762091227.8198416,9058459239213,ask,301,110331.40000000,0.56400000
1762091227.8198416,9058459239213,ask,302,110331.70000000,0.00200000
1762091227.8198416,9058459239213,ask,303,110331.80000000,0.00100000
1762091227.8198416,9058459239213,ask,304,110332.00000000,0.14600000
1762091227.8198416,9058459239213,ask,305,110332.10000000,0.33900000
1762091227.8198416,9058459239213,ask,306,110332.20000000,0.00900000
1762091227.8198416,9058459239213,ask,307,110332.30000000,0.00200000
1762091227.8198416,9058459239213,ask,308,110332.40000000,0.00100000
1762091227.8198416,9058459239213,ask,309,110332.50000000,0.57300000
1762091227.8198416,9058459239213,ask,310,110332.60000000,0.00200000
1762091227.8198416,9058459239213,ask,311,110332.70000000,0.34000000
1762091227.8198416,9058459239213,ask,312,110332.90000000,0.00200000
1762091227.8198416,9058459239213,ask,313,110333.00000000,0.54400000
1762091227.8198416,9058459239213,ask,314,110333.30000000,0.07000000
1762091227.8198416,9058459239213,ask,315,110333.40000000,0.63000000
1762091227.8198416,9058459239213,ask,316,110333.50000000,0.33900000
1762091227.8198416,9058459239213,ask,317,110333.60000000,0.33600000
1762091227.8198416,9058459239213,ask,318,110333.90000000,0.01200000
1762091227.8198416,9058459239213,ask,319,110334.00000000,0.13700000
1762091227.8198416,9058459239213,ask,320,110334.10000000,2.69200000
1762091227.8198416,9058459239213,ask,321,110334.20000000,1.01200000
1762091227.8198416,9058459239213,ask,322,110334.30000000,0.24900000
1762091227.8198416,9058459239213,ask,323,110334.40000000,0.01700000
1762091227.8198416,9058459239213,ask,324,110334.50000000,0.25400000
1762091227.8198416,9058459239213,ask,325,110334.60000000,0.01700000
1762091227.8198416,9058459239213,ask,326,110334.70000000,0.02600000
1762091227.8198416,9058459239213,ask,327,110334.90000000,1.23300000
1762091227.8198416,9058459239213,ask,328,110335.10000000,0.00100000
1762091227.8198416,9058459239213,ask,329,110335.20000000,0.00100000
1762091227.8198416,9058459239213,ask,330,110335.40000000,0.00300000
1762091227.8198416,9058459239213,ask,331,110335.50000000,0.00500000
1762091227.8198416,9058459239213,ask,332,110335.60000000,0.02200000
1762091227.8198416,9058459239213,ask,333,110335.70000000,0.30000000
1762091227.8198416,9058459239213,ask,334,110335.80000000,0.01400000
1762091227.8198416,9058459239213,ask,335,110335.90000000,0.13400000
1762091227.8198416,9058459239213,ask,336,110336.10000000,0.00200000
1762091227.8198416,9058459239213,ask,337,110336.30000000,0.00300000
1762091227.8198416,9058459239213,ask,338,110336.40000000,0.00100000
1762091227.8198416,9058459239213,ask,339,110336.60000000,0.00500000
1762091227.8198416,9058459239213,ask,340,110336.70000000,0.00100000
1762091227.8198416,9058459239213,ask,341,110336.80000000,0.00500000
1762091227.8198416,9058459239213,ask,342,110336.90000000,0.02800000
1762091227.8198416,9058459239213,ask,343,110337.00000000,0.01400000
1762091227.8198416,9058459239213,ask,344,110337.20000000,0.02200000
1762091227.8198416,9058459239213,ask,345,110337.40000000,0.01200000
1762091227.8198416,9058459239213,ask,346,110337.60000000,0.94000000
1762091227.8198416,9058459239213,ask,347,110337.70000000,0.89000000
1762091227.8198416,9058459239213,ask,348,110337.80000000,0.01200000
1762091227.8198416,9058459239213,ask,349,110337.90000000,0.00800000
1762091227.8198416,9058459239213,ask,350,110338.10000000,0.29200000
1762091227.8198416,9058459239213,ask,351,110338.30000000,0.00500000
1762091227.8198416,9058459239213,ask,352,110338.40000000,0.06800000
1762091227.8198416,9058459239213,ask,353,110338.60000000,0.54400000
1762091227.8198416,9058459239213,ask,354,110338.80000000,0.02100000
1762091227.8198416,9058459239213,ask,355,110338.90000000,0.26400000
1762091227.8198416,9058459239213,ask,356,110339.00000000,0.00100000
1762091227.8198416,9058459239213,ask,357,110339.10000000,0.04000000
1762091227.8198416,9058459239213,ask,358,110339.20000000,0.00200000
1762091227.8198416,9058459239213,ask,359,110339.40000000,0.00800000
1762091227.8198416,9058459239213,ask,360,110339.50000000,0.25400000
1762091227.8198416,9058459239213,ask,361,110339.60000000,0.02900000
1762091227.8198416,9058459239213,ask,362,110339.70000000,3.34100000
1762091227.8198416,9058459239213,ask,363,110339.80000000,0.00500000
1762091227.8198416,9058459239213,ask,364,110339.90000000,0.00400000
1762091227.8198416,9058459239213,ask,365,110340.00000000,0.05000000
1762091227.8198416,9058459239213,ask,366,110340.10000000,0.02800000
1762091227.8198416,9058459239213,ask,367,110340.20000000,0.00100000
1762091227.8198416,9058459239213,ask,368,110340.30000000,0.02400000
1762091227.8198416,9058459239213,ask,369,110340.40000000,0.06800000
1762091227.8198416,9058459239213,ask,370,110340.50000000,0.00100000
1762091227.8198416,9058459239213,ask,371,110340.60000000,0.00600000
1762091227.8198416,9058459239213,ask,372,110340.70000000,0.03400000
1762091227.8198416,9058459239213,ask,373,110340.90000000,0.00200000
1762091227.8198416,9058459239213,ask,374,110341.00000000,0.00500000
1762091227.8198416,9058459239213,ask,375,110341.20000000,0.18800000
1762091227.8198416,9058459239213,ask,376,110341.40000000,0.30700000
1762091227.8198416,9058459239213,ask,377,110341.60000000,0.04200000
1762091227.8198416,9058459239213,ask,378,110341.70000000,0.01300000
1762091227.8198416,9058459239213,ask,379,110341.90000000,0.02100000
1762091227.8198416,9058459239213,ask,380,110342.10000000,0.05600000
1762091227.8198416,9058459239213,ask,381,110342.20000000,0.28700000
1762091227.8198416,9058459239213,ask,382,110342.30000000,0.05700000
1762091227.8198416,9058459239213,ask,383,110342.40000000,0.02800000
1762091227.8198416,9058459239213,ask,384,110342.50000000,0.96500000
1762091227.8198416,9058459239213,ask,385,110342.60000000,0.00300000
1762091227.8198416,9058459239213,ask,386,110342.70000000,0.02800000
1762091227.8198416,9058459239213,ask,387,110342.80000000,0.01000000
1762091227.8198416,9058459239213,ask,388,110343.10000000,0.13600000
1762091227.8198416,9058459239213,ask,389,110343.40000000,0.02100000
1762091227.8198416,9058459239213,ask,390,110343.50000000,0.69500000
1762091227.8198416,9058459239213,ask,391,110343.60000000,0.02000000
1762091227.8198416,9058459239213,ask,392,110343.70000000,0.29200000
1762091227.8198416,9058459239213,ask,393,110343.80000000,0.03100000
1762091227.8198416,9058459239213,ask,394,110343.90000000,0.00800000
1762091227.8198416,9058459239213,ask,395,110344.00000000,0.02800000
1762091227.8198416,9058459239213,ask,396,110344.10000000,0.29000000
1762091227.8198416,9058459239213,ask,397,110344.20000000,0.54400000
1762091227.8198416,9058459239213,ask,398,110344.50000000,0.59400000
1762091227.8198416,9058459239213,ask,399,110344.60000000,0.00200000
1762091227.8198416,9058459239213,ask,400,110344.80000000,0.02300000
1762091227.8198416,9058459239213,ask,401,110345.00000000,0.02000000
1762091227.8198416,9058459239213,ask,402,110345.30000000,2.52700000
1762091227.8198416,9058459239213,ask,403,110345.40000000,0.03500000
1762091227.8198416,9058459239213,ask,404,110345.50000000,0.03900000
1762091227.8198416,9058459239213,ask,405,110345.60000000,0.00100000
1762091227.8198416,9058459239213,ask,406,110345.70000000,0.00200000
1762091227.8198416,9058459239213,ask,407,110345.80000000,0.03400000
1762091227.8198416,9058459239213,ask,408,110345.90000000,0.00100000
1762091227.8198416,9058459239213,ask,409,110346.10000000,0.00100000
1762091227.8198416,9058459239213,ask,410,110346.20000000,0.02400000
1762091227.8198416,9058459239213,ask,411,110346.30000000,0.03400000
1762091227.8198416,9058459239213,ask,412,110346.40000000,0.00200000
1762091227.8198416,9058459239213,ask,413,110346.50000000,0.21500000
1762091227.8198416,9058459239213,ask,414,110346.60000000,0.02000000
1762091227.8198416,9058459239213,ask,415,110346.70000000,0.03400000
1762091227.8198416,9058459239213,ask,416,110346.80000000,0.00300000
1762091227.8198416,9058459239213,ask,417,110346.90000000,1.71900000
1762091227.8198416,9058459239213,ask,418,110347.00000000,0.12900000
1762091227.8198416,9058459239213,ask,419,110347.40000000,0.00200000
1762091227.8198416,9058459239213,ask,420,110347.50000000,0.00300000
1762091227.8198416,9058459239213,ask,421,110347.60000000,0.02300000
1762091227.8198416,9058459239213,ask,422,110347.70000000,0.00100000
1762091227.8198416,9058459239213,ask,423,110347.80000000,0.02800000
1762091227.8198416,9058459239213,ask,424,110347.90000000,0.03500000
1762091227.8198416,9058459239213,ask,425,110348.00000000,0.31100000
1762091227.8198416,9058459239213,ask,426,110348.10000000,0.02000000
1762091227.8198416,9058459239213,ask,427,110348.20000000,0.40200000
1762091227.8198416,9058459239213,ask,428,110348.40000000,0.00200000
1762091227.8198416,9058459239213,ask,429,110348.60000000,0.00100000
1762091227.8198416,9058459239213,ask,430,110348.70000000,0.00300000
1762091227.8198416,9058459239213,ask,431,110348.80000000,0.25600000
1762091227.8198416,9058459239213,ask,432,110348.90000000,0.84500000
1762091227.8198416,9058459239213,ask,433,110349.00000000,0.00400000
1762091227.8198416,9058459239213,ask,434,110349.20000000,0.40000000
1762091227.8198416,9058459239213,ask,435,110349.30000000,0.30700000
1762091227.8198416,9058459239213,ask,436,110349.40000000,0.04100000
1762091227.8198416,9058459239213,ask,437,110349.50000000,0.00900000
1762091227.8198416,9058459239213,ask,438,110349.60000000,0.03600000
1762091227.8198416,9058459239213,ask,439,110349.70000000,0.02200000
1762091227.8198416,9058459239213,ask,440,110349.80000000,0.56100000
1762091227.8198416,9058459239213,ask,441,110349.90000000,0.00300000
1762091227.8198416,9058459239213,ask,442,110350.00000000,0.06200000
1762091227.8198416,9058459239213,ask,443,110350.10000000,0.00400000
1762091227.8198416,9058459239213,ask,444,110350.20000000,0.01100000
1762091227.8198416,9058459239213,ask,445,110350.30000000,0.02400000
1762091227.8198416,9058459239213,ask,446,110350.40000000,0.01300000
1762091227.8198416,9058459239213,ask,447,110350.50000000,0.02900000
1762091227.8198416,9058459239213,ask,448,110350.60000000,0.00200000
1762091227.8198416,9058459239213,ask,449,110350.70000000,0.29000000
1762091227.8198416,9058459239213,ask,450,110350.90000000,2.92900000
1762091227.8198416,9058459239213,ask,451,110351.00000000,0.29600000
1762091227.8198416,9058459239213,ask,452,110351.10000000,0.02400000
1762091227.8198416,9058459239213,ask,453,110351.20000000,0.04400000
1762091227.8198416,9058459239213,ask,454,110351.40000000,0.00700000
1762091227.8198416,9058459239213,ask,455,110351.50000000,0.03000000
1762091227.8198416,9058459239213,ask,456,110351.60000000,0.00900000
1762091227.8198416,9058459239213,ask,457,110351.80000000,0.05400000
1762091227.8198416,9058459239213,ask,458,110351.90000000,0.00100000
1762091227.8198416,9058459239213,ask,459,110352.00000000,0.03200000
1762091227.8198416,9058459239213,ask,460,110352.20000000,0.40000000
1762091227.8198416,9058459239213,ask,461,110352.40000000,0.02000000
1762091227.8198416,9058459239213,ask,462,110352.50000000,0.03500000
1762091227.8198416,9058459239213,ask,463,110352.60000000,0.00200000
1762091227.8198416,9058459239213,ask,464,110352.70000000,0.65600000
1762091227.8198416,9058459239213,ask,465,110352.90000000,0.02400000
1762091227.8198416,9058459239213,ask,466,110353.00000000,0.02300000
1762091227.8198416,9058459239213,ask,467,110353.10000000,0.03200000
1762091227.8198416,9058459239213,ask,468,110353.20000000,0.00100000
1762091227.8198416,9058459239213,ask,469,110353.50000000,0.99800000
1762091227.8198416,9058459239213,ask,470,110353.60000000,0.03600000
1762091227.8198416,9058459239213,ask,471,110353.70000000,0.62600000
1762091227.8198416,9058459239213,ask,472,110353.80000000,0.00100000
